%YAML 1.1
%TAG !u! tag:unity3d.com,2011:
--- !u!1 &1278026738221766523
GameObject:
  m_ObjectHideFlags: 0
  m_CorrespondingSourceObject: {fileID: 0}
  m_PrefabInstance: {fileID: 0}
  m_PrefabAsset: {fileID: 0}
  serializedVersion: 6
  m_Component:
  - component: {fileID: 1278026738221766500}
  - component: {fileID: 1278026738221766501}
  - component: {fileID: 1278026738221766503}
  - component: {fileID: 1278026738221766502}
  m_Layer: 0
  m_Name: LimitDriveLeft
  m_TagString: blurScale
  m_Icon: {fileID: 0}
  m_NavMeshLayer: 0
  m_StaticEditorFlags: 0
  m_IsActive: 1
--- !u!4 &1278026738221766500
Transform:
  m_ObjectHideFlags: 0
  m_CorrespondingSourceObject: {fileID: 0}
  m_PrefabInstance: {fileID: 0}
  m_PrefabAsset: {fileID: 0}
  m_GameObject: {fileID: 1278026738221766523}
  m_LocalRotation: {x: 0, y: 0, z: 0, w: 1}
  m_LocalPosition: {x: -4.84, y: -5.63, z: 0}
  m_LocalScale: {x: 1, y: 1, z: 1}
  m_ConstrainProportionsScale: 0
  m_Children: []
  m_Father: {fileID: 1278026738726415705}
  m_RootOrder: 0
  m_LocalEulerAnglesHint: {x: 0, y: 0, z: 0}
--- !u!212 &1278026738221766501
SpriteRenderer:
  m_ObjectHideFlags: 0
  m_CorrespondingSourceObject: {fileID: 0}
  m_PrefabInstance: {fileID: 0}
  m_PrefabAsset: {fileID: 0}
  m_GameObject: {fileID: 1278026738221766523}
  m_Enabled: 1
  m_CastShadows: 0
  m_ReceiveShadows: 0
  m_DynamicOccludee: 1
  m_StaticShadowCaster: 0
  m_MotionVectors: 1
  m_LightProbeUsage: 1
  m_ReflectionProbeUsage: 1
  m_RayTracingMode: 0
  m_RayTraceProcedural: 0
  m_RenderingLayerMask: 1
  m_RendererPriority: 0
  m_Materials:
  - {fileID: 10754, guid: 0000000000000000f000000000000000, type: 0}
  m_StaticBatchInfo:
    firstSubMesh: 0
    subMeshCount: 0
  m_StaticBatchRoot: {fileID: 0}
  m_ProbeAnchor: {fileID: 0}
  m_LightProbeVolumeOverride: {fileID: 0}
  m_ScaleInLightmap: 1
  m_ReceiveGI: 1
  m_PreserveUVs: 0
  m_IgnoreNormalsForChartDetection: 0
  m_ImportantGI: 0
  m_StitchLightmapSeams: 1
  m_SelectedEditorRenderState: 0
  m_MinimumChartSize: 4
  m_AutoUVMaxDistance: 0.5
  m_AutoUVMaxAngle: 89
  m_LightmapParameters: {fileID: 0}
  m_SortingLayerID: 0
  m_SortingLayer: 0
  m_SortingOrder: 2
  m_Sprite: {fileID: 21300000, guid: 74fc9870486b89340911c0aac43a8670, type: 3}
  m_Color: {r: 1, g: 1, b: 1, a: 1}
  m_FlipX: 0
  m_FlipY: 0
  m_DrawMode: 0
  m_Size: {x: 3.85, y: 2.57}
  m_AdaptiveModeThreshold: 0.5
  m_SpriteTileMode: 0
  m_WasSpriteAssigned: 1
  m_MaskInteraction: 0
  m_SpriteSortPoint: 0
--- !u!60 &1278026738221766503
PolygonCollider2D:
  m_ObjectHideFlags: 0
  m_CorrespondingSourceObject: {fileID: 0}
  m_PrefabInstance: {fileID: 0}
  m_PrefabAsset: {fileID: 0}
  m_GameObject: {fileID: 1278026738221766523}
  m_Enabled: 1
  m_Density: 1
  m_Material: {fileID: 0}
  m_IsTrigger: 0
  m_UsedByEffector: 0
  m_UsedByComposite: 0
  m_Offset: {x: 0, y: 0}
  m_SpriteTilingProperty:
    border: {x: 0, y: 0, z: 0, w: 0}
    pivot: {x: 0.5, y: 0.5}
    oldSize: {x: 3.7, y: 2.67}
    newSize: {x: 3.85, y: 2.57}
    adaptiveTilingThreshold: 0.5
    drawMode: 0
    adaptiveTiling: 0
  m_AutoTiling: 0
  m_Points:
    m_Paths:
    - - {x: 1.8499999, y: -1.035}
      - {x: 1.79, y: -0.98499995}
      - {x: 1.66, y: -0.91499996}
      - {x: 1.29, y: -0.675}
      - {x: 1.09, y: -0.545}
      - {x: 0.91999996, y: -0.435}
      - {x: 0.71999997, y: -0.305}
      - {x: 0.38, y: -0.085}
      - {x: 0.17999999, y: 0.044999998}
      - {x: 0.01, y: 0.155}
      - {x: -0.19, y: 0.285}
      - {x: -0.35999998, y: 0.39499998}
      - {x: -0.56, y: 0.525}
      - {x: -0.72999996, y: 0.635}
      - {x: -0.93, y: 0.765}
      - {x: -1.1, y: 0.875}
      - {x: -1.3, y: 1.005}
      - {x: -1.81, y: 1.3349999}
      - {x: -1.8499999, y: 1.3349999}
      - {x: -1.8499999, y: 0.825}
      - {x: -1.79, y: 0.78499997}
      - {x: -1.3199999, y: 0.48499998}
      - {x: -1.18, y: 0.405}
      - {x: -0.45999998, y: -0.044999998}
      - {x: -0.31, y: -0.145}
      - {x: 0.01, y: -0.345}
      - {x: 0.14999999, y: -0.42499998}
      - {x: 1.1899999, y: -1.0749999}
      - {x: 1.3399999, y: -1.175}
      - {x: 1.4699999, y: -1.255}
      - {x: 1.61, y: -1.3349999}
      - {x: 1.75, y: -1.3349999}
      - {x: 1.8199999, y: -1.245}
      - {x: 1.8499999, y: -1.1949999}
--- !u!50 &1278026738221766502
Rigidbody2D:
  serializedVersion: 4
  m_ObjectHideFlags: 0
  m_CorrespondingSourceObject: {fileID: 0}
  m_PrefabInstance: {fileID: 0}
  m_PrefabAsset: {fileID: 0}
  m_GameObject: {fileID: 1278026738221766523}
  m_BodyType: 0
  m_Simulated: 1
  m_UseFullKinematicContacts: 0
  m_UseAutoMass: 0
  m_Mass: 1
  m_LinearDrag: 0
  m_AngularDrag: 0.05
  m_GravityScale: 0
  m_Material: {fileID: 0}
  m_Interpolate: 0
  m_SleepingMode: 1
  m_CollisionDetection: 0
  m_Constraints: 7
--- !u!1 &1278026738679233730
GameObject:
  m_ObjectHideFlags: 0
  m_CorrespondingSourceObject: {fileID: 0}
  m_PrefabInstance: {fileID: 0}
  m_PrefabAsset: {fileID: 0}
  serializedVersion: 6
  m_Component:
  - component: {fileID: 1278026738679233731}
  - component: {fileID: 1278026738679233740}
  - component: {fileID: 1278026738679233742}
  - component: {fileID: 1278026738679233741}
  m_Layer: 0
  m_Name: LimitDriveRight
  m_TagString: blurScale
  m_Icon: {fileID: 0}
  m_NavMeshLayer: 0
  m_StaticEditorFlags: 0
  m_IsActive: 1
--- !u!4 &1278026738679233731
Transform:
  m_ObjectHideFlags: 0
  m_CorrespondingSourceObject: {fileID: 0}
  m_PrefabInstance: {fileID: 0}
  m_PrefabAsset: {fileID: 0}
  m_GameObject: {fileID: 1278026738679233730}
  m_LocalRotation: {x: 0, y: 1, z: 0, w: 0}
  m_LocalPosition: {x: 4.61, y: -5.67, z: 0}
  m_LocalScale: {x: 1, y: 1, z: 1}
  m_ConstrainProportionsScale: 0
  m_Children: []
  m_Father: {fileID: 1278026738726415705}
  m_RootOrder: 1
  m_LocalEulerAnglesHint: {x: 0, y: 180, z: 0}
--- !u!212 &1278026738679233740
SpriteRenderer:
  m_ObjectHideFlags: 0
  m_CorrespondingSourceObject: {fileID: 0}
  m_PrefabInstance: {fileID: 0}
  m_PrefabAsset: {fileID: 0}
  m_GameObject: {fileID: 1278026738679233730}
  m_Enabled: 1
  m_CastShadows: 0
  m_ReceiveShadows: 0
  m_DynamicOccludee: 1
  m_StaticShadowCaster: 0
  m_MotionVectors: 1
  m_LightProbeUsage: 1
  m_ReflectionProbeUsage: 1
  m_RayTracingMode: 0
  m_RayTraceProcedural: 0
  m_RenderingLayerMask: 1
  m_RendererPriority: 0
  m_Materials:
  - {fileID: 10754, guid: 0000000000000000f000000000000000, type: 0}
  m_StaticBatchInfo:
    firstSubMesh: 0
    subMeshCount: 0
  m_StaticBatchRoot: {fileID: 0}
  m_ProbeAnchor: {fileID: 0}
  m_LightProbeVolumeOverride: {fileID: 0}
  m_ScaleInLightmap: 1
  m_ReceiveGI: 1
  m_PreserveUVs: 0
  m_IgnoreNormalsForChartDetection: 0
  m_ImportantGI: 0
  m_StitchLightmapSeams: 1
  m_SelectedEditorRenderState: 0
  m_MinimumChartSize: 4
  m_AutoUVMaxDistance: 0.5
  m_AutoUVMaxAngle: 89
  m_LightmapParameters: {fileID: 0}
  m_SortingLayerID: 0
  m_SortingLayer: 0
  m_SortingOrder: 2
  m_Sprite: {fileID: 21300000, guid: 74fc9870486b89340911c0aac43a8670, type: 3}
  m_Color: {r: 1, g: 1, b: 1, a: 1}
  m_FlipX: 0
  m_FlipY: 0
  m_DrawMode: 0
  m_Size: {x: 3.85, y: 2.57}
  m_AdaptiveModeThreshold: 0.5
  m_SpriteTileMode: 0
  m_WasSpriteAssigned: 1
  m_MaskInteraction: 0
  m_SpriteSortPoint: 0
--- !u!60 &1278026738679233742
PolygonCollider2D:
  m_ObjectHideFlags: 0
  m_CorrespondingSourceObject: {fileID: 0}
  m_PrefabInstance: {fileID: 0}
  m_PrefabAsset: {fileID: 0}
  m_GameObject: {fileID: 1278026738679233730}
  m_Enabled: 1
  m_Density: 1
  m_Material: {fileID: 0}
  m_IsTrigger: 0
  m_UsedByEffector: 0
  m_UsedByComposite: 0
  m_Offset: {x: 0, y: 0}
  m_SpriteTilingProperty:
    border: {x: 0, y: 0, z: 0, w: 0}
    pivot: {x: 0.5, y: 0.5}
    oldSize: {x: 3.7, y: 2.67}
    newSize: {x: 3.85, y: 2.57}
    adaptiveTilingThreshold: 0.5
    drawMode: 0
    adaptiveTiling: 0
  m_AutoTiling: 0
  m_Points:
    m_Paths:
    - - {x: 1.8499999, y: -1.035}
      - {x: 1.79, y: -0.98499995}
      - {x: 1.66, y: -0.91499996}
      - {x: 1.29, y: -0.675}
      - {x: 1.09, y: -0.545}
      - {x: 0.91999996, y: -0.435}
      - {x: 0.71999997, y: -0.305}
      - {x: 0.38, y: -0.085}
      - {x: 0.17999999, y: 0.044999998}
      - {x: 0.01, y: 0.155}
      - {x: -0.19, y: 0.285}
      - {x: -0.35999998, y: 0.39499998}
      - {x: -0.56, y: 0.525}
      - {x: -0.72999996, y: 0.635}
      - {x: -0.93, y: 0.765}
      - {x: -1.1, y: 0.875}
      - {x: -1.3, y: 1.005}
      - {x: -1.81, y: 1.3349999}
      - {x: -1.8499999, y: 1.3349999}
      - {x: -1.8499999, y: 0.825}
      - {x: -1.79, y: 0.78499997}
      - {x: -1.3199999, y: 0.48499998}
      - {x: -1.18, y: 0.405}
      - {x: -0.45999998, y: -0.044999998}
      - {x: -0.31, y: -0.145}
      - {x: 0.01, y: -0.345}
      - {x: 0.14999999, y: -0.42499998}
      - {x: 1.1899999, y: -1.0749999}
      - {x: 1.3399999, y: -1.175}
      - {x: 1.4699999, y: -1.255}
      - {x: 1.61, y: -1.3349999}
      - {x: 1.75, y: -1.3349999}
      - {x: 1.8199999, y: -1.245}
      - {x: 1.8499999, y: -1.1949999}
--- !u!50 &1278026738679233741
Rigidbody2D:
  serializedVersion: 4
  m_ObjectHideFlags: 0
  m_CorrespondingSourceObject: {fileID: 0}
  m_PrefabInstance: {fileID: 0}
  m_PrefabAsset: {fileID: 0}
  m_GameObject: {fileID: 1278026738679233730}
  m_BodyType: 0
  m_Simulated: 1
  m_UseFullKinematicContacts: 0
  m_UseAutoMass: 0
  m_Mass: 1
  m_LinearDrag: 0
  m_AngularDrag: 0.05
  m_GravityScale: 0
  m_Material: {fileID: 0}
  m_Interpolate: 0
  m_SleepingMode: 1
  m_CollisionDetection: 0
  m_Constraints: 0
--- !u!1 &1278026738726415704
GameObject:
  m_ObjectHideFlags: 0
  m_CorrespondingSourceObject: {fileID: 0}
  m_PrefabInstance: {fileID: 0}
  m_PrefabAsset: {fileID: 0}
  serializedVersion: 6
  m_Component:
  - component: {fileID: 1278026738726415705}
  m_Layer: 0
  m_Name: LimitDrive
  m_TagString: Untagged
  m_Icon: {fileID: 0}
  m_NavMeshLayer: 0
  m_StaticEditorFlags: 0
  m_IsActive: 1
--- !u!4 &1278026738726415705
Transform:
  m_ObjectHideFlags: 0
  m_CorrespondingSourceObject: {fileID: 0}
  m_PrefabInstance: {fileID: 0}
  m_PrefabAsset: {fileID: 0}
  m_GameObject: {fileID: 1278026738726415704}
  m_LocalRotation: {x: -0, y: -0, z: -0, w: 1}
  m_LocalPosition: {x: 0.1625, y: 10.175, z: 0}
  m_LocalScale: {x: 1, y: 1.25, z: 1.25}
  m_ConstrainProportionsScale: 0
  m_Children:
  - {fileID: 1278026738221766500}
  - {fileID: 1278026738679233731}
  - {fileID: 1278026739568712079}
  m_Father: {fileID: 6008329789197974550}
  m_RootOrder: 0
  m_LocalEulerAnglesHint: {x: 0, y: 0, z: 0}
--- !u!1 &1278026739568712078
GameObject:
  m_ObjectHideFlags: 0
  m_CorrespondingSourceObject: {fileID: 0}
  m_PrefabInstance: {fileID: 0}
  m_PrefabAsset: {fileID: 0}
  serializedVersion: 6
  m_Component:
  - component: {fileID: 1278026739568712079}
  - component: {fileID: 1278026739568712074}
  - component: {fileID: 1278026739568712073}
  - component: {fileID: 1278026739568712072}
  - component: {fileID: 1278026739568712075}
  m_Layer: 0
  m_Name: LimitBlur
  m_TagString: blurScale
  m_Icon: {fileID: 0}
  m_NavMeshLayer: 0
  m_StaticEditorFlags: 0
  m_IsActive: 0
--- !u!4 &1278026739568712079
Transform:
  m_ObjectHideFlags: 0
  m_CorrespondingSourceObject: {fileID: 0}
  m_PrefabInstance: {fileID: 0}
  m_PrefabAsset: {fileID: 0}
  m_GameObject: {fileID: 1278026739568712078}
  m_LocalRotation: {x: 0, y: 0, z: 0, w: 1}
  m_LocalPosition: {x: 0, y: -3.26, z: 0}
  m_LocalScale: {x: 1, y: 0.1195, z: 1}
  m_ConstrainProportionsScale: 0
  m_Children: []
  m_Father: {fileID: 1278026738726415705}
  m_RootOrder: 2
  m_LocalEulerAnglesHint: {x: 0, y: 0, z: 0}
--- !u!212 &1278026739568712074
SpriteRenderer:
  m_ObjectHideFlags: 0
  m_CorrespondingSourceObject: {fileID: 0}
  m_PrefabInstance: {fileID: 0}
  m_PrefabAsset: {fileID: 0}
  m_GameObject: {fileID: 1278026739568712078}
  m_Enabled: 1
  m_CastShadows: 0
  m_ReceiveShadows: 0
  m_DynamicOccludee: 1
  m_StaticShadowCaster: 0
  m_MotionVectors: 1
  m_LightProbeUsage: 1
  m_ReflectionProbeUsage: 1
  m_RayTracingMode: 0
  m_RayTraceProcedural: 0
  m_RenderingLayerMask: 1
  m_RendererPriority: 0
  m_Materials:
  - {fileID: 10754, guid: 0000000000000000f000000000000000, type: 0}
  m_StaticBatchInfo:
    firstSubMesh: 0
    subMeshCount: 0
  m_StaticBatchRoot: {fileID: 0}
  m_ProbeAnchor: {fileID: 0}
  m_LightProbeVolumeOverride: {fileID: 0}
  m_ScaleInLightmap: 1
  m_ReceiveGI: 1
  m_PreserveUVs: 0
  m_IgnoreNormalsForChartDetection: 0
  m_ImportantGI: 0
  m_StitchLightmapSeams: 1
  m_SelectedEditorRenderState: 0
  m_MinimumChartSize: 4
  m_AutoUVMaxDistance: 0.5
  m_AutoUVMaxAngle: 89
  m_LightmapParameters: {fileID: 0}
  m_SortingLayerID: 0
  m_SortingLayer: 0
  m_SortingOrder: 0
  m_Sprite: {fileID: 21300000, guid: b5c796667e1d6fd43a2f939483155d0d, type: 3}
  m_Color: {r: 1, g: 1, b: 1, a: 1}
  m_FlipX: 0
  m_FlipY: 0
  m_DrawMode: 0
  m_Size: {x: 15.89, y: 2.12}
  m_AdaptiveModeThreshold: 0.5
  m_SpriteTileMode: 0
  m_WasSpriteAssigned: 1
  m_MaskInteraction: 0
  m_SpriteSortPoint: 0
--- !u!50 &1278026739568712073
Rigidbody2D:
  serializedVersion: 4
  m_ObjectHideFlags: 0
  m_CorrespondingSourceObject: {fileID: 0}
  m_PrefabInstance: {fileID: 0}
  m_PrefabAsset: {fileID: 0}
  m_GameObject: {fileID: 1278026739568712078}
  m_BodyType: 0
  m_Simulated: 1
  m_UseFullKinematicContacts: 0
  m_UseAutoMass: 0
  m_Mass: 1
  m_LinearDrag: 0
  m_AngularDrag: 0.05
  m_GravityScale: 0
  m_Material: {fileID: 0}
  m_Interpolate: 0
  m_SleepingMode: 1
  m_CollisionDetection: 0
  m_Constraints: 0
--- !u!61 &1278026739568712072
BoxCollider2D:
  m_ObjectHideFlags: 0
  m_CorrespondingSourceObject: {fileID: 0}
  m_PrefabInstance: {fileID: 0}
  m_PrefabAsset: {fileID: 0}
  m_GameObject: {fileID: 1278026739568712078}
  m_Enabled: 1
  m_Density: 1
  m_Material: {fileID: 0}
  m_IsTrigger: 1
  m_UsedByEffector: 0
  m_UsedByComposite: 0
  m_Offset: {x: 0, y: 0}
  m_SpriteTilingProperty:
    border: {x: 0, y: 0, z: 0, w: 0}
    pivot: {x: 0.5, y: 0.5}
    oldSize: {x: 14.73, y: 2.11}
    newSize: {x: 15.89, y: 2.12}
    adaptiveTilingThreshold: 0.5
    drawMode: 0
    adaptiveTiling: 0
  m_AutoTiling: 0
  serializedVersion: 2
  m_Size: {x: 15.89, y: 2.12}
  m_EdgeRadius: 0
--- !u!114 &1278026739568712075
MonoBehaviour:
  m_ObjectHideFlags: 0
  m_CorrespondingSourceObject: {fileID: 0}
  m_PrefabInstance: {fileID: 0}
  m_PrefabAsset: {fileID: 0}
  m_GameObject: {fileID: 1278026739568712078}
  m_Enabled: 1
  m_EditorHideFlags: 0
  m_Script: {fileID: 11500000, guid: fa2e2024350558a44a2ae119d61edfbc, type: 3}
  m_Name: 
  m_EditorClassIdentifier: 
  image: {fileID: 1278026739568712074}
--- !u!1 &6819002331010210228
GameObject:
  m_ObjectHideFlags: 0
  m_CorrespondingSourceObject: {fileID: 0}
  m_PrefabInstance: {fileID: 0}
  m_PrefabAsset: {fileID: 0}
  serializedVersion: 6
  m_Component:
  - component: {fileID: 6008329789197974550}
  - component: {fileID: 1774432138723734993}
  - component: {fileID: 8466402383740026369}
  - component: {fileID: 4317832889468328667}
  - component: {fileID: 1378669159291641650}
  m_Layer: 0
  m_Name: Bowl
  m_TagString: Untagged
  m_Icon: {fileID: 0}
  m_NavMeshLayer: 0
  m_StaticEditorFlags: 0
  m_IsActive: 1
--- !u!4 &6008329789197974550
Transform:
  m_ObjectHideFlags: 0
  m_CorrespondingSourceObject: {fileID: 0}
  m_PrefabInstance: {fileID: 0}
  m_PrefabAsset: {fileID: 0}
  m_GameObject: {fileID: 6819002331010210228}
  m_LocalRotation: {x: 0, y: 0, z: 0, w: 1}
  m_LocalPosition: {x: -0.04, y: -6.9, z: 0}
  m_LocalScale: {x: 0.6, y: 0.6, z: 0.6}
  m_ConstrainProportionsScale: 1
  m_Children:
  - {fileID: 1278026738726415705}
  m_Father: {fileID: 0}
  m_RootOrder: 0
  m_LocalEulerAnglesHint: {x: 0, y: 0, z: 0}
--- !u!212 &1774432138723734993
SpriteRenderer:
  m_ObjectHideFlags: 0
  m_CorrespondingSourceObject: {fileID: 0}
  m_PrefabInstance: {fileID: 0}
  m_PrefabAsset: {fileID: 0}
  m_GameObject: {fileID: 6819002331010210228}
  m_Enabled: 1
  m_CastShadows: 0
  m_ReceiveShadows: 0
  m_DynamicOccludee: 1
  m_StaticShadowCaster: 0
  m_MotionVectors: 1
  m_LightProbeUsage: 1
  m_ReflectionProbeUsage: 1
  m_RayTracingMode: 0
  m_RayTraceProcedural: 0
  m_RenderingLayerMask: 1
  m_RendererPriority: 0
  m_Materials:
  - {fileID: 10754, guid: 0000000000000000f000000000000000, type: 0}
  m_StaticBatchInfo:
    firstSubMesh: 0
    subMeshCount: 0
  m_StaticBatchRoot: {fileID: 0}
  m_ProbeAnchor: {fileID: 0}
  m_LightProbeVolumeOverride: {fileID: 0}
  m_ScaleInLightmap: 1
  m_ReceiveGI: 1
  m_PreserveUVs: 0
  m_IgnoreNormalsForChartDetection: 0
  m_ImportantGI: 0
  m_StitchLightmapSeams: 1
  m_SelectedEditorRenderState: 0
  m_MinimumChartSize: 4
  m_AutoUVMaxDistance: 0.5
  m_AutoUVMaxAngle: 89
  m_LightmapParameters: {fileID: 0}
  m_SortingLayerID: 0
  m_SortingLayer: 0
  m_SortingOrder: 0
  m_Sprite: {fileID: 21300000, guid: abf6370d5595f1d46a9a8f26528095f2, type: 3}
  m_Color: {r: 1, g: 1, b: 1, a: 1}
  m_FlipX: 0
  m_FlipY: 0
  m_DrawMode: 0
  m_Size: {x: 3.71, y: 3.91}
  m_AdaptiveModeThreshold: 0.5
  m_SpriteTileMode: 0
  m_WasSpriteAssigned: 1
  m_MaskInteraction: 0
  m_SpriteSortPoint: 0
--- !u!50 &8466402383740026369
Rigidbody2D:
  serializedVersion: 4
  m_ObjectHideFlags: 0
  m_CorrespondingSourceObject: {fileID: 0}
  m_PrefabInstance: {fileID: 0}
  m_PrefabAsset: {fileID: 0}
  m_GameObject: {fileID: 6819002331010210228}
  m_BodyType: 0
  m_Simulated: 1
  m_UseFullKinematicContacts: 0
  m_UseAutoMass: 0
  m_Mass: 1
  m_LinearDrag: 0
  m_AngularDrag: 0.05
  m_GravityScale: 0
  m_Material: {fileID: 0}
  m_Interpolate: 0
  m_SleepingMode: 1
  m_CollisionDetection: 0
  m_Constraints: 7
--- !u!60 &4317832889468328667
PolygonCollider2D:
  m_ObjectHideFlags: 0
  m_CorrespondingSourceObject: {fileID: 0}
  m_PrefabInstance: {fileID: 0}
  m_PrefabAsset: {fileID: 0}
  m_GameObject: {fileID: 6819002331010210228}
  m_Enabled: 1
  m_Density: 1
  m_Material: {fileID: 0}
  m_IsTrigger: 0
  m_UsedByEffector: 0
  m_UsedByComposite: 0
  m_Offset: {x: 0, y: 0}
  m_SpriteTilingProperty:
    border: {x: 0, y: 0, z: 0, w: 0}
    pivot: {x: 0.5, y: 0.5}
    oldSize: {x: 6.61, y: 3.84}
    newSize: {x: 3.71, y: 3.91}
    adaptiveTilingThreshold: 0.5
    drawMode: 0
    adaptiveTiling: 0
  m_AutoTiling: 0
  m_Points:
    m_Paths:
    - - {x: 0.84499997, y: -1.8499999}
      - {x: 0.995, y: -1.81}
      - {x: 1.2149999, y: -1.74}
      - {x: 1.305, y: -1.6899999}
      - {x: 1.4449999, y: -1.5699999}
      - {x: 1.545, y: -1.51}
      - {x: 1.735, y: -1.43}
      - {x: 1.9449999, y: -1.3299999}
      - {x: 2.115, y: -1.23}
      - {x: 2.205, y: -1.17}
      - {x: 2.325, y: -1.0799999}
      - {x: 2.445, y: -0.97999996}
      - {x: 2.645, y: -0.77}
      - {x: 2.705, y: -0.7}
      - {x: 2.7849998, y: -0.61}
      - {x: 2.895, y: -0.45}
      - {x: 2.955, y: -0.35}
      - {x: 3.105, y: -0.04}
      - {x: 3.185, y: 0.17}
      - {x: 3.215, y: 0.26999998}
      - {x: 3.2849998, y: 0.56}
      - {x: 3.3049998, y: 0.68}
      - {x: 3.9638925, y: 1.9427508}
      - {x: 3.2649999, y: 1.1389611}
      - {x: 2.8770454, y: 0.79684937}
      - {x: 2.6832461, y: 0.68269336}
      - {x: 2.5485928, y: 0.61943805}
      - {x: 2.3814278, y: 0.57242835}
      - {x: 2.2579908, y: 0.52586603}
      - {x: 2.1720092, y: 0.5093031}
      - {x: 2.0796208, y: 0.4760213}
      - {x: 1.7920095, y: 0.4346819}
      - {x: 1.6467861, y: 0.4014007}
      - {x: 1.3102232, y: 0.34767234}
      - {x: 1.0212721, y: 0.31439114}
      - {x: 0.66948575, y: 0.28872144}
      - {x: 0.33680648, y: 0.2758863}
      - {x: -0.024729371, y: 0.26827478}
      - {x: -0.24144775, y: 0.28633296}
      - {x: -0.41545266, y: 0.28192902}
      - {x: -0.61491275, y: 0.29468393}
      - {x: -0.7894012, y: 0.2952236}
      - {x: -1.0176686, y: 0.31187212}
      - {x: -1.1165323, y: 0.32241178}
      - {x: -1.2307776, y: 0.32751346}
      - {x: -1.362003, y: 0.34018087}
      - {x: -1.5491501, y: 0.36397874}
      - {x: -1.6742189, y: 0.38610196}
      - {x: -1.8424981, y: 0.42266}
      - {x: -2.0569787, y: 0.45853794}
      - {x: -2.3921738, y: 0.55441403}
      - {x: -2.8056488, y: 0.7561681}
      - {x: -4.0317, y: 1.9111913}
      - {x: -3.3049998, y: 0.66999996}
      - {x: -3.2949998, y: 0.61}
      - {x: -3.2649999, y: 0.45999998}
      - {x: -3.215, y: 0.25}
      - {x: -3.145, y: 0.04}
      - {x: -3.105, y: -0.049999997}
      - {x: -3.0049999, y: -0.26999998}
      - {x: -2.905, y: -0.44}
      - {x: -2.865, y: -0.5}
      - {x: -2.7749999, y: -0.63}
      - {x: -2.685, y: -0.74}
      - {x: -2.495, y: -0.94}
      - {x: -2.395, y: -1.02}
      - {x: -2.225, y: -1.16}
      - {x: -2.105, y: -1.24}
      - {x: -2.0049999, y: -1.3}
      - {x: -1.765, y: -1.42}
      - {x: -1.675, y: -1.4599999}
      - {x: -1.5749999, y: -1.5}
      - {x: -1.545, y: -1.51}
      - {x: -1.475, y: -1.53}
      - {x: -1.355, y: -1.65}
      - {x: -1.1949999, y: -1.73}
      - {x: -1.0749999, y: -1.78}
      - {x: -0.98499995, y: -1.81}
      - {x: -0.79499996, y: -1.86}
      - {x: -0.695, y: -1.88}
      - {x: -0.505, y: -1.91}
      - {x: -0.42499998, y: -1.92}
      - {x: 0.435, y: -1.92}
      - {x: 0.585, y: -1.9}
      - {x: 0.705, y: -1.88}
--- !u!114 &1378669159291641650
MonoBehaviour:
  m_ObjectHideFlags: 0
  m_CorrespondingSourceObject: {fileID: 0}
  m_PrefabInstance: {fileID: 0}
  m_PrefabAsset: {fileID: 0}
  m_GameObject: {fileID: 6819002331010210228}
  m_Enabled: 1
  m_EditorHideFlags: 0
  m_Script: {fileID: 11500000, guid: 88d336004f6e27c40b3234b0720eea4e, type: 3}
  m_Name: 
  m_EditorClassIdentifier: 
  idCup: 3027
