%YAML 1.1
%TAG !u! tag:unity3d.com,2011:
--- !u!1 &699258731508998354
GameObject:
  m_ObjectHideFlags: 0
  m_CorrespondingSourceObject: {fileID: 0}
  m_PrefabInstance: {fileID: 0}
  m_PrefabAsset: {fileID: 0}
  serializedVersion: 6
  m_Component:
  - component: {fileID: 320972171839620464}
  - component: {fileID: 5743706639096712375}
  - component: {fileID: 2480083154671208295}
  - component: {fileID: 7827735770539391141}
  - component: {fileID: 6904619811594388135}
  m_Layer: 0
  m_Name: Glass_cup_1
  m_TagString: Untagged
  m_Icon: {fileID: 0}
  m_NavMeshLayer: 0
  m_StaticEditorFlags: 0
  m_IsActive: 1
--- !u!4 &320972171839620464
Transform:
  m_ObjectHideFlags: 0
  m_CorrespondingSourceObject: {fileID: 0}
  m_PrefabInstance: {fileID: 0}
  m_PrefabAsset: {fileID: 0}
  m_GameObject: {fileID: 699258731508998354}
  m_LocalRotation: {x: 0, y: 0, z: 0, w: 1}
  m_LocalPosition: {x: 0, y: -7.62, z: 0}
  m_LocalScale: {x: 0.7, y: 0.7, z: 0.7}
  m_ConstrainProportionsScale: 1
  m_Children:
  - {fileID: 2413715734013672280}
  m_Father: {fileID: 0}
  m_RootOrder: 0
  m_LocalEulerAnglesHint: {x: 0, y: 0, z: 0}
--- !u!212 &5743706639096712375
SpriteRenderer:
  m_ObjectHideFlags: 0
  m_CorrespondingSourceObject: {fileID: 0}
  m_PrefabInstance: {fileID: 0}
  m_PrefabAsset: {fileID: 0}
  m_GameObject: {fileID: 699258731508998354}
  m_Enabled: 1
  m_CastShadows: 0
  m_ReceiveShadows: 0
  m_DynamicOccludee: 1
  m_StaticShadowCaster: 0
  m_MotionVectors: 1
  m_LightProbeUsage: 1
  m_ReflectionProbeUsage: 1
  m_RayTracingMode: 0
  m_RayTraceProcedural: 0
  m_RenderingLayerMask: 1
  m_RendererPriority: 0
  m_Materials:
  - {fileID: 10754, guid: 0000000000000000f000000000000000, type: 0}
  m_StaticBatchInfo:
    firstSubMesh: 0
    subMeshCount: 0
  m_StaticBatchRoot: {fileID: 0}
  m_ProbeAnchor: {fileID: 0}
  m_LightProbeVolumeOverride: {fileID: 0}
  m_ScaleInLightmap: 1
  m_ReceiveGI: 1
  m_PreserveUVs: 0
  m_IgnoreNormalsForChartDetection: 0
  m_ImportantGI: 0
  m_StitchLightmapSeams: 1
  m_SelectedEditorRenderState: 0
  m_MinimumChartSize: 4
  m_AutoUVMaxDistance: 0.5
  m_AutoUVMaxAngle: 89
  m_LightmapParameters: {fileID: 0}
  m_SortingLayerID: 0
  m_SortingLayer: 0
  m_SortingOrder: 0
  m_Sprite: {fileID: 21300000, guid: 8f061178169213643b77d50a93601011, type: 3}
  m_Color: {r: 1, g: 1, b: 1, a: 1}
  m_FlipX: 0
  m_FlipY: 0
  m_DrawMode: 0
  m_Size: {x: 3.71, y: 3.91}
  m_AdaptiveModeThreshold: 0.5
  m_SpriteTileMode: 0
  m_WasSpriteAssigned: 1
  m_MaskInteraction: 0
  m_SpriteSortPoint: 0
--- !u!50 &2480083154671208295
Rigidbody2D:
  serializedVersion: 4
  m_ObjectHideFlags: 0
  m_CorrespondingSourceObject: {fileID: 0}
  m_PrefabInstance: {fileID: 0}
  m_PrefabAsset: {fileID: 0}
  m_GameObject: {fileID: 699258731508998354}
  m_BodyType: 0
  m_Simulated: 1
  m_UseFullKinematicContacts: 0
  m_UseAutoMass: 0
  m_Mass: 1
  m_LinearDrag: 0
  m_AngularDrag: 0.05
  m_GravityScale: 0
  m_Material: {fileID: 0}
  m_Interpolate: 0
  m_SleepingMode: 1
  m_CollisionDetection: 0
  m_Constraints: 7
--- !u!114 &7827735770539391141
MonoBehaviour:
  m_ObjectHideFlags: 0
  m_CorrespondingSourceObject: {fileID: 0}
  m_PrefabInstance: {fileID: 0}
  m_PrefabAsset: {fileID: 0}
  m_GameObject: {fileID: 699258731508998354}
  m_Enabled: 1
  m_EditorHideFlags: 0
  m_Script: {fileID: 11500000, guid: 88d336004f6e27c40b3234b0720eea4e, type: 3}
  m_Name: 
  m_EditorClassIdentifier: 
  idCup: 3020
--- !u!60 &6904619811594388135
PolygonCollider2D:
  m_ObjectHideFlags: 0
  m_CorrespondingSourceObject: {fileID: 0}
  m_PrefabInstance: {fileID: 0}
  m_PrefabAsset: {fileID: 0}
  m_GameObject: {fileID: 699258731508998354}
  m_Enabled: 1
  m_Density: 1
  m_Material: {fileID: 0}
  m_IsTrigger: 0
  m_UsedByEffector: 0
  m_UsedByComposite: 0
  m_Offset: {x: 0, y: 0}
  m_SpriteTilingProperty:
    border: {x: 0, y: 0, z: 0, w: 0}
    pivot: {x: 0.5, y: 0.5}
    oldSize: {x: 3.79, y: 5.26}
    newSize: {x: 3.71, y: 3.91}
    adaptiveTilingThreshold: 0.5
    drawMode: 0
    adaptiveTiling: 0
  m_AutoTiling: 0
  m_Points:
    m_Paths:
    - - {x: 1.015, y: -2.55}
      - {x: 1.115, y: -2.52}
      - {x: 1.2049999, y: -2.49}
      - {x: 1.295, y: -2.45}
      - {x: 1.375, y: -2.3899999}
      - {x: 1.415, y: -2.3}
      - {x: 1.415, y: -2.26}
      - {x: 1.395, y: -2.21}
      - {x: 1.355, y: -2.1499999}
      - {x: 1.3149999, y: -2.1299999}
      - {x: 1.165, y: -1.9599999}
      - {x: 1.045, y: -1.8299999}
      - {x: 1.045, y: -1.1}
      - {x: 1.055, y: -1.09}
      - {x: 1.0649999, y: -0.89}
      - {x: 1.0749999, y: -0.72999996}
      - {x: 1.095, y: -0.48999998}
      - {x: 1.115, y: -0.29999998}
      - {x: 1.135, y: -0.17}
      - {x: 1.175, y: 0.01}
      - {x: 1.255, y: 0.29}
      - {x: 1.4649999, y: 0.91999996}
      - {x: 1.525, y: 1.0799999}
      - {x: 1.635, y: 1.39}
      - {x: 1.805, y: 1.8499999}
      - {x: 1.8449999, y: 1.9599999}
      - {x: 1.885, y: 2.04}
      - {x: 1.895, y: 2.1}
      - {x: 1.9266834, y: 2.2335207}
      - {x: 1.9178058, y: 2.3322442}
      - {x: 1.9891826, y: 2.7155595}
      - {x: 1.4819394, y: 1.4941363}
      - {x: 1.3932153, y: 1.2501076}
      - {x: 1.3299493, y: 1.0812819}
      - {x: 1.1887879, y: 0.67892563}
      - {x: 0.93707556, y: -0.08935976}
      - {x: 0.84319746, y: -1.9115925}
      - {x: 0.6566686, y: -1.9457581}
      - {x: 0.4390319, y: -1.9892297}
      - {x: 0.24417204, y: -2.0220068}
      - {x: 0.045961738, y: -2.0433953}
      - {x: -0.2816751, y: -2.0313122}
      - {x: -0.5479235, y: -1.9978411}
      - {x: -0.7811188, y: -1.9187737}
      - {x: -0.930035, y: -1.773293}
      - {x: -0.9683177, y: -0.53275514}
      - {x: -1.0367349, y: 0.047971964}
      - {x: -1.3695488, y: 0.90362203}
      - {x: -1.5609554, y: 1.5052286}
      - {x: -1.803769, y: 2.1375377}
      - {x: -1.9895108, y: 2.6772416}
      - {x: -1.895, y: 2.08}
      - {x: -1.8449999, y: 1.9399999}
      - {x: -1.5949999, y: 1.26}
      - {x: -1.4549999, y: 0.87}
      - {x: -1.285, y: 0.37}
      - {x: -1.265, y: 0.29999998}
      - {x: -1.2149999, y: 0.13}
      - {x: -1.145, y: -0.22}
      - {x: -1.125, y: -0.37}
      - {x: -1.105, y: -0.45999998}
      - {x: -1.095, y: -0.56}
      - {x: -1.0849999, y: -0.69}
      - {x: -1.0749999, y: -0.84}
      - {x: -1.0649999, y: -1.02}
      - {x: -1.055, y: -1.03}
      - {x: -1.055, y: -1.31}
      - {x: -1.045, y: -1.3199999}
      - {x: -1.045, y: -1.73}
      - {x: -1.055, y: -1.74}
      - {x: -1.155, y: -1.9499999}
      - {x: -1.395, y: -2.19}
      - {x: -1.415, y: -2.24}
      - {x: -1.415, y: -2.32}
      - {x: -1.395, y: -2.37}
      - {x: -1.3349999, y: -2.4299998}
      - {x: -1.185, y: -2.5}
      - {x: -1.095, y: -2.53}
      - {x: -0.875, y: -2.59}
      - {x: -0.755, y: -2.6}
      - {x: -0.49499997, y: -2.6299999}
      - {x: 0.49499997, y: -2.6299999}
      - {x: 0.59499997, y: -2.62}
      - {x: 0.755, y: -2.6}
--- !u!1 &2222702530337715282
GameObject:
  m_ObjectHideFlags: 0
  m_CorrespondingSourceObject: {fileID: 0}
  m_PrefabInstance: {fileID: 0}
  m_PrefabAsset: {fileID: 0}
  serializedVersion: 6
  m_Component:
  - component: {fileID: 8920438940832226255}
  - component: {fileID: 2260748433683049381}
  - component: {fileID: 1874050771948754969}
  - component: {fileID: 1165464124632058342}
  m_Layer: 0
  m_Name: LimitDriveRight
  m_TagString: blurScale
  m_Icon: {fileID: 0}
  m_NavMeshLayer: 0
  m_StaticEditorFlags: 0
  m_IsActive: 1
--- !u!4 &8920438940832226255
Transform:
  m_ObjectHideFlags: 0
  m_CorrespondingSourceObject: {fileID: 0}
  m_PrefabInstance: {fileID: 0}
  m_PrefabAsset: {fileID: 0}
  m_GameObject: {fileID: 2222702530337715282}
  m_LocalRotation: {x: -0.08715578, y: 0.9961947, z: -0, w: 0}
  m_LocalPosition: {x: -5.05, y: -3.91, z: 0}
  m_LocalScale: {x: 1, y: 1, z: 1}
  m_ConstrainProportionsScale: 0
  m_Children: []
  m_Father: {fileID: 2413715734013672280}
  m_RootOrder: 1
  m_LocalEulerAnglesHint: {x: 0, y: 180, z: -10}
--- !u!212 &2260748433683049381
SpriteRenderer:
  m_ObjectHideFlags: 0
  m_CorrespondingSourceObject: {fileID: 0}
  m_PrefabInstance: {fileID: 0}
  m_PrefabAsset: {fileID: 0}
  m_GameObject: {fileID: 2222702530337715282}
  m_Enabled: 1
  m_CastShadows: 0
  m_ReceiveShadows: 0
  m_DynamicOccludee: 1
  m_StaticShadowCaster: 0
  m_MotionVectors: 1
  m_LightProbeUsage: 1
  m_ReflectionProbeUsage: 1
  m_RayTracingMode: 0
  m_RayTraceProcedural: 0
  m_RenderingLayerMask: 1
  m_RendererPriority: 0
  m_Materials:
  - {fileID: 10754, guid: 0000000000000000f000000000000000, type: 0}
  m_StaticBatchInfo:
    firstSubMesh: 0
    subMeshCount: 0
  m_StaticBatchRoot: {fileID: 0}
  m_ProbeAnchor: {fileID: 0}
  m_LightProbeVolumeOverride: {fileID: 0}
  m_ScaleInLightmap: 1
  m_ReceiveGI: 1
  m_PreserveUVs: 0
  m_IgnoreNormalsForChartDetection: 0
  m_ImportantGI: 0
  m_StitchLightmapSeams: 1
  m_SelectedEditorRenderState: 0
  m_MinimumChartSize: 4
  m_AutoUVMaxDistance: 0.5
  m_AutoUVMaxAngle: 89
  m_LightmapParameters: {fileID: 0}
  m_SortingLayerID: 0
  m_SortingLayer: 0
  m_SortingOrder: 2
  m_Sprite: {fileID: 21300000, guid: 14769d2e4a8f9d641a7a9ae8acad7711, type: 3}
  m_Color: {r: 1, g: 1, b: 1, a: 1}
  m_FlipX: 0
  m_FlipY: 0
  m_DrawMode: 0
  m_Size: {x: 3.85, y: 2.57}
  m_AdaptiveModeThreshold: 0.5
  m_SpriteTileMode: 0
  m_WasSpriteAssigned: 1
  m_MaskInteraction: 0
  m_SpriteSortPoint: 0
--- !u!50 &1874050771948754969
Rigidbody2D:
  serializedVersion: 4
  m_ObjectHideFlags: 0
  m_CorrespondingSourceObject: {fileID: 0}
  m_PrefabInstance: {fileID: 0}
  m_PrefabAsset: {fileID: 0}
  m_GameObject: {fileID: 2222702530337715282}
  m_BodyType: 0
  m_Simulated: 1
  m_UseFullKinematicContacts: 0
  m_UseAutoMass: 0
  m_Mass: 1
  m_LinearDrag: 0
  m_AngularDrag: 0.05
  m_GravityScale: 0
  m_Material: {fileID: 0}
  m_Interpolate: 0
  m_SleepingMode: 1
  m_CollisionDetection: 0
  m_Constraints: 7
--- !u!60 &1165464124632058342
PolygonCollider2D:
  m_ObjectHideFlags: 0
  m_CorrespondingSourceObject: {fileID: 0}
  m_PrefabInstance: {fileID: 0}
  m_PrefabAsset: {fileID: 0}
  m_GameObject: {fileID: 2222702530337715282}
  m_Enabled: 1
  m_Density: 1
  m_Material: {fileID: 0}
  m_IsTrigger: 0
  m_UsedByEffector: 0
  m_UsedByComposite: 0
  m_Offset: {x: 0, y: 0}
  m_SpriteTilingProperty:
    border: {x: 0, y: 0, z: 0, w: 0}
    pivot: {x: 0.5, y: 0.5}
    oldSize: {x: 6.19, y: 5.65}
    newSize: {x: 3.85, y: 2.57}
    adaptiveTilingThreshold: 0.5
    drawMode: 0
    adaptiveTiling: 0
  m_AutoTiling: 0
  m_Points:
    m_Paths:
    - - {x: -1.995, y: -2.105}
      - {x: -1.895, y: -2.0349998}
      - {x: -1.745, y: -1.895}
      - {x: -1.485, y: -1.665}
      - {x: -1.385, y: -1.555}
      - {x: -1.285, y: -1.485}
      - {x: -1.175, y: -1.385}
      - {x: -0.965, y: -1.165}
      - {x: -0.85499996, y: -1.095}
      - {x: -0.765, y: -1.005}
      - {x: -0.655, y: -0.875}
      - {x: -0.555, y: -0.805}
      - {x: -0.465, y: -0.72499996}
      - {x: -0.355, y: -0.60499996}
      - {x: -0.255, y: -0.53499997}
      - {x: -0.185, y: -0.445}
      - {x: -0.065, y: -0.325}
      - {x: 0.035, y: -0.255}
      - {x: 0.175, y: -0.114999995}
      - {x: 0.21499999, y: -0.055}
      - {x: 0.33499998, y: 0.024999999}
      - {x: 0.42499998, y: 0.105}
      - {x: 0.525, y: 0.225}
      - {x: 0.625, y: 0.295}
      - {x: 0.775, y: 0.435}
      - {x: 0.905, y: 0.575}
      - {x: 1.2149999, y: 0.84499997}
      - {x: 1.255, y: 0.91499996}
      - {x: 1.365, y: 0.97499996}
      - {x: 1.505, y: 1.115}
      - {x: 1.655, y: 1.255}
      - {x: 1.735, y: 1.3349999}
      - {x: 1.915, y: 1.485}
      - {x: 1.9749999, y: 1.5949999}
      - {x: 2.085, y: 1.665}
      - {x: 2.095, y: 1.7249999}
      - {x: 2.215, y: 1.8149999}
      - {x: 2.375, y: 1.9549999}
      - {x: 2.405, y: 2.0149999}
      - {x: 2.5149999, y: 2.075}
      - {x: 2.665, y: 2.225}
      - {x: 2.685, y: 2.2749999}
      - {x: 2.7949998, y: 2.365}
      - {x: 2.945, y: 2.5149999}
      - {x: 3.0649998, y: 2.615}
      - {x: 3.095, y: 2.655}
      - {x: 3.095, y: 2.7649999}
      - {x: 3.0549998, y: 2.8149998}
      - {x: 3.0349998, y: 2.825}
      - {x: 2.745, y: 2.825}
      - {x: 2.685, y: 2.8049998}
      - {x: 2.625, y: 2.7549999}
      - {x: 2.465, y: 2.625}
      - {x: 2.425, y: 2.5449998}
      - {x: 2.315, y: 2.475}
      - {x: 2.125, y: 2.2649999}
      - {x: 2.0249999, y: 2.195}
      - {x: 1.885, y: 2.065}
      - {x: 1.745, y: 1.925}
      - {x: 1.7049999, y: 1.8449999}
      - {x: 1.5949999, y: 1.775}
      - {x: 1.5749999, y: 1.7249999}
      - {x: 1.345, y: 1.545}
      - {x: 1.1949999, y: 1.405}
      - {x: 1.125, y: 1.295}
      - {x: 1.015, y: 1.225}
      - {x: 0.945, y: 1.145}
      - {x: 0.745, y: 0.955}
      - {x: 0.575, y: 0.825}
      - {x: 0.42499998, y: 0.685}
      - {x: 0.405, y: 0.635}
      - {x: 0.285, y: 0.545}
      - {x: -0.055, y: 0.205}
      - {x: -0.155, y: 0.13499999}
      - {x: -0.45499998, y: -0.145}
      - {x: -0.79499996, y: -0.48499998}
      - {x: -0.885, y: -0.555}
      - {x: -0.945, y: -0.625}
      - {x: -1.045, y: -0.695}
      - {x: -1.145, y: -0.79499996}
      - {x: -1.2149999, y: -0.885}
      - {x: -1.345, y: -0.965}
      - {x: -1.395, y: -1.045}
      - {x: -1.495, y: -1.115}
      - {x: -1.635, y: -1.235}
      - {x: -1.665, y: -1.305}
      - {x: -1.775, y: -1.375}
      - {x: -2.065, y: -1.655}
      - {x: -2.185, y: -1.755}
      - {x: -2.245, y: -1.8449999}
      - {x: -2.315, y: -1.865}
      - {x: -2.475, y: -2.0249999}
      - {x: -2.585, y: -2.085}
      - {x: -2.7133875, y: -2.2041636}
      - {x: -2.8841856, y: -2.3013613}
      - {x: -2.98749, y: -2.4243038}
      - {x: -3.0522506, y: -2.5321772}
      - {x: -3.1506443, y: -2.7048116}
      - {x: -3.0049999, y: -2.7949998}
      - {x: -2.925, y: -2.825}
      - {x: -2.625, y: -2.825}
      - {x: -2.455, y: -2.745}
      - {x: -2.225, y: -2.5149999}
      - {x: -2.145, y: -2.305}
--- !u!1 &3607633365761597620
GameObject:
  m_ObjectHideFlags: 0
  m_CorrespondingSourceObject: {fileID: 0}
  m_PrefabInstance: {fileID: 0}
  m_PrefabAsset: {fileID: 0}
  serializedVersion: 6
  m_Component:
  - component: {fileID: 845696268777998520}
  - component: {fileID: 3304590208382522054}
  - component: {fileID: 6138124198042131066}
  - component: {fileID: 1481134834318550525}
  - component: {fileID: 8283506289481723195}
  m_Layer: 0
  m_Name: LimitBlur
  m_TagString: blurScale
  m_Icon: {fileID: 0}
  m_NavMeshLayer: 0
  m_StaticEditorFlags: 0
  m_IsActive: 0
--- !u!4 &845696268777998520
Transform:
  m_ObjectHideFlags: 0
  m_CorrespondingSourceObject: {fileID: 0}
  m_PrefabInstance: {fileID: 0}
  m_PrefabAsset: {fileID: 0}
  m_GameObject: {fileID: 3607633365761597620}
  m_LocalRotation: {x: 0, y: 0, z: 0, w: 1}
  m_LocalPosition: {x: 0, y: -3.26, z: 0}
  m_LocalScale: {x: 1, y: 0.1195, z: 1}
  m_ConstrainProportionsScale: 0
  m_Children: []
  m_Father: {fileID: 2413715734013672280}
  m_RootOrder: 2
  m_LocalEulerAnglesHint: {x: 0, y: 0, z: 0}
--- !u!212 &3304590208382522054
SpriteRenderer:
  m_ObjectHideFlags: 0
  m_CorrespondingSourceObject: {fileID: 0}
  m_PrefabInstance: {fileID: 0}
  m_PrefabAsset: {fileID: 0}
  m_GameObject: {fileID: 3607633365761597620}
  m_Enabled: 1
  m_CastShadows: 0
  m_ReceiveShadows: 0
  m_DynamicOccludee: 1
  m_StaticShadowCaster: 0
  m_MotionVectors: 1
  m_LightProbeUsage: 1
  m_ReflectionProbeUsage: 1
  m_RayTracingMode: 0
  m_RayTraceProcedural: 0
  m_RenderingLayerMask: 1
  m_RendererPriority: 0
  m_Materials:
  - {fileID: 10754, guid: 0000000000000000f000000000000000, type: 0}
  m_StaticBatchInfo:
    firstSubMesh: 0
    subMeshCount: 0
  m_StaticBatchRoot: {fileID: 0}
  m_ProbeAnchor: {fileID: 0}
  m_LightProbeVolumeOverride: {fileID: 0}
  m_ScaleInLightmap: 1
  m_ReceiveGI: 1
  m_PreserveUVs: 0
  m_IgnoreNormalsForChartDetection: 0
  m_ImportantGI: 0
  m_StitchLightmapSeams: 1
  m_SelectedEditorRenderState: 0
  m_MinimumChartSize: 4
  m_AutoUVMaxDistance: 0.5
  m_AutoUVMaxAngle: 89
  m_LightmapParameters: {fileID: 0}
  m_SortingLayerID: 0
  m_SortingLayer: 0
  m_SortingOrder: 0
  m_Sprite: {fileID: 21300000, guid: b5c796667e1d6fd43a2f939483155d0d, type: 3}
  m_Color: {r: 1, g: 1, b: 1, a: 1}
  m_FlipX: 0
  m_FlipY: 0
  m_DrawMode: 0
  m_Size: {x: 15.89, y: 2.12}
  m_AdaptiveModeThreshold: 0.5
  m_SpriteTileMode: 0
  m_WasSpriteAssigned: 1
  m_MaskInteraction: 0
  m_SpriteSortPoint: 0
--- !u!50 &6138124198042131066
Rigidbody2D:
  serializedVersion: 4
  m_ObjectHideFlags: 0
  m_CorrespondingSourceObject: {fileID: 0}
  m_PrefabInstance: {fileID: 0}
  m_PrefabAsset: {fileID: 0}
  m_GameObject: {fileID: 3607633365761597620}
  m_BodyType: 0
  m_Simulated: 1
  m_UseFullKinematicContacts: 0
  m_UseAutoMass: 0
  m_Mass: 1
  m_LinearDrag: 0
  m_AngularDrag: 0.05
  m_GravityScale: 0
  m_Material: {fileID: 0}
  m_Interpolate: 0
  m_SleepingMode: 1
  m_CollisionDetection: 0
  m_Constraints: 0
--- !u!61 &1481134834318550525
BoxCollider2D:
  m_ObjectHideFlags: 0
  m_CorrespondingSourceObject: {fileID: 0}
  m_PrefabInstance: {fileID: 0}
  m_PrefabAsset: {fileID: 0}
  m_GameObject: {fileID: 3607633365761597620}
  m_Enabled: 1
  m_Density: 1
  m_Material: {fileID: 0}
  m_IsTrigger: 1
  m_UsedByEffector: 0
  m_UsedByComposite: 0
  m_Offset: {x: 0, y: 0}
  m_SpriteTilingProperty:
    border: {x: 0, y: 0, z: 0, w: 0}
    pivot: {x: 0.5, y: 0.5}
    oldSize: {x: 14.73, y: 2.11}
    newSize: {x: 15.89, y: 2.12}
    adaptiveTilingThreshold: 0.5
    drawMode: 0
    adaptiveTiling: 0
  m_AutoTiling: 0
  serializedVersion: 2
  m_Size: {x: 15.89, y: 2.12}
  m_EdgeRadius: 0
--- !u!114 &8283506289481723195
MonoBehaviour:
  m_ObjectHideFlags: 0
  m_CorrespondingSourceObject: {fileID: 0}
  m_PrefabInstance: {fileID: 0}
  m_PrefabAsset: {fileID: 0}
  m_GameObject: {fileID: 3607633365761597620}
  m_Enabled: 1
  m_EditorHideFlags: 0
  m_Script: {fileID: 11500000, guid: fa2e2024350558a44a2ae119d61edfbc, type: 3}
  m_Name: 
  m_EditorClassIdentifier: 
  image: {fileID: 3304590208382522054}
--- !u!1 &6202771452081200038
GameObject:
  m_ObjectHideFlags: 0
  m_CorrespondingSourceObject: {fileID: 0}
  m_PrefabInstance: {fileID: 0}
  m_PrefabAsset: {fileID: 0}
  serializedVersion: 6
  m_Component:
  - component: {fileID: 8714808804224622866}
  - component: {fileID: 5114029777327537006}
  - component: {fileID: 8419656328412057324}
  - component: {fileID: 4996864167289575077}
  m_Layer: 0
  m_Name: LimitDriveLeft
  m_TagString: blurScale
  m_Icon: {fileID: 0}
  m_NavMeshLayer: 0
  m_StaticEditorFlags: 0
  m_IsActive: 1
--- !u!4 &8714808804224622866
Transform:
  m_ObjectHideFlags: 0
  m_CorrespondingSourceObject: {fileID: 0}
  m_PrefabInstance: {fileID: 0}
  m_PrefabAsset: {fileID: 0}
  m_GameObject: {fileID: 6202771452081200038}
  m_LocalRotation: {x: 0, y: 0, z: -0.08715578, w: 0.9961947}
  m_LocalPosition: {x: 4.85, y: -3.9400005, z: 0}
  m_LocalScale: {x: 1, y: 1, z: 1}
  m_ConstrainProportionsScale: 0
  m_Children: []
  m_Father: {fileID: 2413715734013672280}
  m_RootOrder: 0
  m_LocalEulerAnglesHint: {x: 0, y: 0, z: -10}
--- !u!212 &5114029777327537006
SpriteRenderer:
  m_ObjectHideFlags: 0
  m_CorrespondingSourceObject: {fileID: 0}
  m_PrefabInstance: {fileID: 0}
  m_PrefabAsset: {fileID: 0}
  m_GameObject: {fileID: 6202771452081200038}
  m_Enabled: 1
  m_CastShadows: 0
  m_ReceiveShadows: 0
  m_DynamicOccludee: 1
  m_StaticShadowCaster: 0
  m_MotionVectors: 1
  m_LightProbeUsage: 1
  m_ReflectionProbeUsage: 1
  m_RayTracingMode: 0
  m_RayTraceProcedural: 0
  m_RenderingLayerMask: 1
  m_RendererPriority: 0
  m_Materials:
  - {fileID: 10754, guid: 0000000000000000f000000000000000, type: 0}
  m_StaticBatchInfo:
    firstSubMesh: 0
    subMeshCount: 0
  m_StaticBatchRoot: {fileID: 0}
  m_ProbeAnchor: {fileID: 0}
  m_LightProbeVolumeOverride: {fileID: 0}
  m_ScaleInLightmap: 1
  m_ReceiveGI: 1
  m_PreserveUVs: 0
  m_IgnoreNormalsForChartDetection: 0
  m_ImportantGI: 0
  m_StitchLightmapSeams: 1
  m_SelectedEditorRenderState: 0
  m_MinimumChartSize: 4
  m_AutoUVMaxDistance: 0.5
  m_AutoUVMaxAngle: 89
  m_LightmapParameters: {fileID: 0}
  m_SortingLayerID: 0
  m_SortingLayer: 0
  m_SortingOrder: 2
  m_Sprite: {fileID: 21300000, guid: 14769d2e4a8f9d641a7a9ae8acad7711, type: 3}
  m_Color: {r: 1, g: 1, b: 1, a: 1}
  m_FlipX: 0
  m_FlipY: 0
  m_DrawMode: 0
  m_Size: {x: 3.85, y: 2.57}
  m_AdaptiveModeThreshold: 0.5
  m_SpriteTileMode: 0
  m_WasSpriteAssigned: 1
  m_MaskInteraction: 0
  m_SpriteSortPoint: 0
--- !u!50 &8419656328412057324
Rigidbody2D:
  serializedVersion: 4
  m_ObjectHideFlags: 0
  m_CorrespondingSourceObject: {fileID: 0}
  m_PrefabInstance: {fileID: 0}
  m_PrefabAsset: {fileID: 0}
  m_GameObject: {fileID: 6202771452081200038}
  m_BodyType: 0
  m_Simulated: 1
  m_UseFullKinematicContacts: 0
  m_UseAutoMass: 0
  m_Mass: 1
  m_LinearDrag: 0
  m_AngularDrag: 0.05
  m_GravityScale: 0
  m_Material: {fileID: 0}
  m_Interpolate: 0
  m_SleepingMode: 1
  m_CollisionDetection: 0
  m_Constraints: 7
--- !u!60 &4996864167289575077
PolygonCollider2D:
  m_ObjectHideFlags: 0
  m_CorrespondingSourceObject: {fileID: 0}
  m_PrefabInstance: {fileID: 0}
  m_PrefabAsset: {fileID: 0}
  m_GameObject: {fileID: 6202771452081200038}
  m_Enabled: 1
  m_Density: 1
  m_Material: {fileID: 0}
  m_IsTrigger: 0
  m_UsedByEffector: 0
  m_UsedByComposite: 0
  m_Offset: {x: 0, y: 0}
  m_SpriteTilingProperty:
    border: {x: 0, y: 0, z: 0, w: 0}
    pivot: {x: 0.5, y: 0.5}
    oldSize: {x: 6.19, y: 5.65}
    newSize: {x: 3.85, y: 2.57}
    adaptiveTilingThreshold: 0.5
    drawMode: 0
    adaptiveTiling: 0
  m_AutoTiling: 0
  m_Points:
    m_Paths:
    - - {x: -1.995, y: -2.105}
      - {x: -1.895, y: -2.0349998}
      - {x: -1.745, y: -1.895}
      - {x: -1.485, y: -1.665}
      - {x: -1.385, y: -1.555}
      - {x: -1.285, y: -1.485}
      - {x: -1.175, y: -1.385}
      - {x: -0.965, y: -1.165}
      - {x: -0.85499996, y: -1.095}
      - {x: -0.765, y: -1.005}
      - {x: -0.655, y: -0.875}
      - {x: -0.555, y: -0.805}
      - {x: -0.465, y: -0.72499996}
      - {x: -0.355, y: -0.60499996}
      - {x: -0.255, y: -0.53499997}
      - {x: -0.185, y: -0.445}
      - {x: -0.065, y: -0.325}
      - {x: 0.035, y: -0.255}
      - {x: 0.175, y: -0.114999995}
      - {x: 0.21499999, y: -0.055}
      - {x: 0.33499998, y: 0.024999999}
      - {x: 0.42499998, y: 0.105}
      - {x: 0.525, y: 0.225}
      - {x: 0.625, y: 0.295}
      - {x: 0.775, y: 0.435}
      - {x: 0.905, y: 0.575}
      - {x: 1.2149999, y: 0.84499997}
      - {x: 1.255, y: 0.91499996}
      - {x: 1.365, y: 0.97499996}
      - {x: 1.505, y: 1.115}
      - {x: 1.655, y: 1.255}
      - {x: 1.735, y: 1.3349999}
      - {x: 1.915, y: 1.485}
      - {x: 1.9749999, y: 1.5949999}
      - {x: 2.085, y: 1.665}
      - {x: 2.095, y: 1.7249999}
      - {x: 2.215, y: 1.8149999}
      - {x: 2.375, y: 1.9549999}
      - {x: 2.405, y: 2.0149999}
      - {x: 2.5149999, y: 2.075}
      - {x: 2.665, y: 2.225}
      - {x: 2.685, y: 2.2749999}
      - {x: 2.7949998, y: 2.365}
      - {x: 2.945, y: 2.5149999}
      - {x: 3.0649998, y: 2.615}
      - {x: 3.095, y: 2.655}
      - {x: 3.095, y: 2.7649999}
      - {x: 3.0549998, y: 2.8149998}
      - {x: 3.0349998, y: 2.825}
      - {x: 2.745, y: 2.825}
      - {x: 2.685, y: 2.8049998}
      - {x: 2.625, y: 2.7549999}
      - {x: 2.465, y: 2.625}
      - {x: 2.425, y: 2.5449998}
      - {x: 2.315, y: 2.475}
      - {x: 2.125, y: 2.2649999}
      - {x: 2.0249999, y: 2.195}
      - {x: 1.885, y: 2.065}
      - {x: 1.745, y: 1.925}
      - {x: 1.7049999, y: 1.8449999}
      - {x: 1.5949999, y: 1.775}
      - {x: 1.5749999, y: 1.7249999}
      - {x: 1.345, y: 1.545}
      - {x: 1.1949999, y: 1.405}
      - {x: 1.125, y: 1.295}
      - {x: 1.015, y: 1.225}
      - {x: 0.945, y: 1.145}
      - {x: 0.745, y: 0.955}
      - {x: 0.575, y: 0.825}
      - {x: 0.42499998, y: 0.685}
      - {x: 0.405, y: 0.635}
      - {x: 0.285, y: 0.545}
      - {x: -0.055, y: 0.205}
      - {x: -0.155, y: 0.13499999}
      - {x: -0.45499998, y: -0.145}
      - {x: -0.79499996, y: -0.48499998}
      - {x: -0.885, y: -0.555}
      - {x: -0.945, y: -0.625}
      - {x: -1.045, y: -0.695}
      - {x: -1.145, y: -0.79499996}
      - {x: -1.2149999, y: -0.885}
      - {x: -1.345, y: -0.965}
      - {x: -1.395, y: -1.045}
      - {x: -1.495, y: -1.115}
      - {x: -1.635, y: -1.235}
      - {x: -1.665, y: -1.305}
      - {x: -1.775, y: -1.375}
      - {x: -2.065, y: -1.655}
      - {x: -2.185, y: -1.755}
      - {x: -2.245, y: -1.8449999}
      - {x: -2.315, y: -1.865}
      - {x: -2.475, y: -2.0249999}
      - {x: -2.585, y: -2.085}
      - {x: -2.7193341, y: -2.224477}
      - {x: -2.9088342, y: -2.3669436}
      - {x: -2.9861028, y: -2.4321709}
      - {x: -3.081661, y: -2.5906498}
      - {x: -3.095, y: -2.695}
      - {x: -3.0049999, y: -2.7949998}
      - {x: -2.925, y: -2.825}
      - {x: -2.625, y: -2.825}
      - {x: -2.455, y: -2.745}
      - {x: -2.225, y: -2.5149999}
      - {x: -2.145, y: -2.305}
--- !u!1 &8852908709240746754
GameObject:
  m_ObjectHideFlags: 0
  m_CorrespondingSourceObject: {fileID: 0}
  m_PrefabInstance: {fileID: 0}
  m_PrefabAsset: {fileID: 0}
  serializedVersion: 6
  m_Component:
  - component: {fileID: 2413715734013672280}
  m_Layer: 0
  m_Name: LimitDrive
  m_TagString: Untagged
  m_Icon: {fileID: 0}
  m_NavMeshLayer: 0
  m_StaticEditorFlags: 0
  m_IsActive: 1
--- !u!4 &2413715734013672280
Transform:
  m_ObjectHideFlags: 0
  m_CorrespondingSourceObject: {fileID: 0}
  m_PrefabInstance: {fileID: 0}
  m_PrefabAsset: {fileID: 0}
  m_GameObject: {fileID: 8852908709240746754}
  m_LocalRotation: {x: -0, y: -0, z: -0, w: 1}
  m_LocalPosition: {x: 0.1625, y: 10.175, z: 0}
  m_LocalScale: {x: 1, y: 1.25, z: 1.25}
  m_ConstrainProportionsScale: 0
  m_Children:
  - {fileID: 8714808804224622866}
  - {fileID: 8920438940832226255}
  - {fileID: 845696268777998520}
  m_Father: {fileID: 320972171839620464}
  m_RootOrder: 0
  m_LocalEulerAnglesHint: {x: 0, y: 0, z: 0}
