%YAML 1.1
%TAG !u! tag:unity3d.com,2011:
--- !u!1 &2268939486901338622
GameObject:
  m_ObjectHideFlags: 0
  m_CorrespondingSourceObject: {fileID: 0}
  m_PrefabInstance: {fileID: 0}
  m_PrefabAsset: {fileID: 0}
  serializedVersion: 6
  m_Component:
  - component: {fileID: 2796879787475298802}
  - component: {fileID: 49614734228616076}
  - component: {fileID: 8665761794545580848}
  - component: {fileID: 4170908674993030327}
  - component: {fileID: 6888512961632537713}
  m_Layer: 0
  m_Name: LimitBlur
  m_TagString: blurScale
  m_Icon: {fileID: 0}
  m_NavMeshLayer: 0
  m_StaticEditorFlags: 0
  m_IsActive: 0
--- !u!4 &2796879787475298802
Transform:
  m_ObjectHideFlags: 0
  m_CorrespondingSourceObject: {fileID: 0}
  m_PrefabInstance: {fileID: 0}
  m_PrefabAsset: {fileID: 0}
  m_GameObject: {fileID: 2268939486901338622}
  m_LocalRotation: {x: 0, y: 0, z: 0, w: 1}
  m_LocalPosition: {x: 0, y: -3.26, z: 0}
  m_LocalScale: {x: 1, y: 0.1195, z: 1}
  m_ConstrainProportionsScale: 0
  m_Children: []
  m_Father: {fileID: 870103699008674322}
  m_RootOrder: 2
  m_LocalEulerAnglesHint: {x: 0, y: 0, z: 0}
--- !u!212 &49614734228616076
SpriteRenderer:
  m_ObjectHideFlags: 0
  m_CorrespondingSourceObject: {fileID: 0}
  m_PrefabInstance: {fileID: 0}
  m_PrefabAsset: {fileID: 0}
  m_GameObject: {fileID: 2268939486901338622}
  m_Enabled: 1
  m_CastShadows: 0
  m_ReceiveShadows: 0
  m_DynamicOccludee: 1
  m_StaticShadowCaster: 0
  m_MotionVectors: 1
  m_LightProbeUsage: 1
  m_ReflectionProbeUsage: 1
  m_RayTracingMode: 0
  m_RayTraceProcedural: 0
  m_RenderingLayerMask: 1
  m_RendererPriority: 0
  m_Materials:
  - {fileID: 10754, guid: 0000000000000000f000000000000000, type: 0}
  m_StaticBatchInfo:
    firstSubMesh: 0
    subMeshCount: 0
  m_StaticBatchRoot: {fileID: 0}
  m_ProbeAnchor: {fileID: 0}
  m_LightProbeVolumeOverride: {fileID: 0}
  m_ScaleInLightmap: 1
  m_ReceiveGI: 1
  m_PreserveUVs: 0
  m_IgnoreNormalsForChartDetection: 0
  m_ImportantGI: 0
  m_StitchLightmapSeams: 1
  m_SelectedEditorRenderState: 0
  m_MinimumChartSize: 4
  m_AutoUVMaxDistance: 0.5
  m_AutoUVMaxAngle: 89
  m_LightmapParameters: {fileID: 0}
  m_SortingLayerID: 0
  m_SortingLayer: 0
  m_SortingOrder: 0
  m_Sprite: {fileID: 21300000, guid: b5c796667e1d6fd43a2f939483155d0d, type: 3}
  m_Color: {r: 1, g: 1, b: 1, a: 1}
  m_FlipX: 0
  m_FlipY: 0
  m_DrawMode: 0
  m_Size: {x: 15.89, y: 2.12}
  m_AdaptiveModeThreshold: 0.5
  m_SpriteTileMode: 0
  m_WasSpriteAssigned: 1
  m_MaskInteraction: 0
  m_SpriteSortPoint: 0
--- !u!50 &8665761794545580848
Rigidbody2D:
  serializedVersion: 4
  m_ObjectHideFlags: 0
  m_CorrespondingSourceObject: {fileID: 0}
  m_PrefabInstance: {fileID: 0}
  m_PrefabAsset: {fileID: 0}
  m_GameObject: {fileID: 2268939486901338622}
  m_BodyType: 0
  m_Simulated: 1
  m_UseFullKinematicContacts: 0
  m_UseAutoMass: 0
  m_Mass: 1
  m_LinearDrag: 0
  m_AngularDrag: 0.05
  m_GravityScale: 0
  m_Material: {fileID: 0}
  m_Interpolate: 0
  m_SleepingMode: 1
  m_CollisionDetection: 0
  m_Constraints: 0
--- !u!61 &4170908674993030327
BoxCollider2D:
  m_ObjectHideFlags: 0
  m_CorrespondingSourceObject: {fileID: 0}
  m_PrefabInstance: {fileID: 0}
  m_PrefabAsset: {fileID: 0}
  m_GameObject: {fileID: 2268939486901338622}
  m_Enabled: 1
  m_Density: 1
  m_Material: {fileID: 0}
  m_IsTrigger: 1
  m_UsedByEffector: 0
  m_UsedByComposite: 0
  m_Offset: {x: 0, y: 0}
  m_SpriteTilingProperty:
    border: {x: 0, y: 0, z: 0, w: 0}
    pivot: {x: 0.5, y: 0.5}
    oldSize: {x: 14.73, y: 2.11}
    newSize: {x: 15.89, y: 2.12}
    adaptiveTilingThreshold: 0.5
    drawMode: 0
    adaptiveTiling: 0
  m_AutoTiling: 0
  serializedVersion: 2
  m_Size: {x: 15.89, y: 2.12}
  m_EdgeRadius: 0
--- !u!114 &6888512961632537713
MonoBehaviour:
  m_ObjectHideFlags: 0
  m_CorrespondingSourceObject: {fileID: 0}
  m_PrefabInstance: {fileID: 0}
  m_PrefabAsset: {fileID: 0}
  m_GameObject: {fileID: 2268939486901338622}
  m_Enabled: 1
  m_EditorHideFlags: 0
  m_Script: {fileID: 11500000, guid: fa2e2024350558a44a2ae119d61edfbc, type: 3}
  m_Name: 
  m_EditorClassIdentifier: 
  image: {fileID: 49614734228616076}
--- !u!1 &2654945661339992472
GameObject:
  m_ObjectHideFlags: 0
  m_CorrespondingSourceObject: {fileID: 0}
  m_PrefabInstance: {fileID: 0}
  m_PrefabAsset: {fileID: 0}
  serializedVersion: 6
  m_Component:
  - component: {fileID: 2961210638262920250}
  - component: {fileID: 7122928648912645629}
  - component: {fileID: 1082835758174578221}
  - component: {fileID: 4741642977625233903}
  - component: {fileID: 3117470464496144671}
  m_Layer: 0
  m_Name: Glass_cup_3
  m_TagString: Untagged
  m_Icon: {fileID: 0}
  m_NavMeshLayer: 0
  m_StaticEditorFlags: 0
  m_IsActive: 1
--- !u!4 &2961210638262920250
Transform:
  m_ObjectHideFlags: 0
  m_CorrespondingSourceObject: {fileID: 0}
  m_PrefabInstance: {fileID: 0}
  m_PrefabAsset: {fileID: 0}
  m_GameObject: {fileID: 2654945661339992472}
  m_LocalRotation: {x: 0, y: 0, z: 0, w: 1}
  m_LocalPosition: {x: 0.54, y: -7.59, z: 0}
  m_LocalScale: {x: 0.7, y: 0.7, z: 0.7}
  m_ConstrainProportionsScale: 1
  m_Children:
  - {fileID: 870103699008674322}
  m_Father: {fileID: 0}
  m_RootOrder: 0
  m_LocalEulerAnglesHint: {x: 0, y: 0, z: 0}
--- !u!212 &7122928648912645629
SpriteRenderer:
  m_ObjectHideFlags: 0
  m_CorrespondingSourceObject: {fileID: 0}
  m_PrefabInstance: {fileID: 0}
  m_PrefabAsset: {fileID: 0}
  m_GameObject: {fileID: 2654945661339992472}
  m_Enabled: 1
  m_CastShadows: 0
  m_ReceiveShadows: 0
  m_DynamicOccludee: 1
  m_StaticShadowCaster: 0
  m_MotionVectors: 1
  m_LightProbeUsage: 1
  m_ReflectionProbeUsage: 1
  m_RayTracingMode: 0
  m_RayTraceProcedural: 0
  m_RenderingLayerMask: 1
  m_RendererPriority: 0
  m_Materials:
  - {fileID: 10754, guid: 0000000000000000f000000000000000, type: 0}
  m_StaticBatchInfo:
    firstSubMesh: 0
    subMeshCount: 0
  m_StaticBatchRoot: {fileID: 0}
  m_ProbeAnchor: {fileID: 0}
  m_LightProbeVolumeOverride: {fileID: 0}
  m_ScaleInLightmap: 1
  m_ReceiveGI: 1
  m_PreserveUVs: 0
  m_IgnoreNormalsForChartDetection: 0
  m_ImportantGI: 0
  m_StitchLightmapSeams: 1
  m_SelectedEditorRenderState: 0
  m_MinimumChartSize: 4
  m_AutoUVMaxDistance: 0.5
  m_AutoUVMaxAngle: 89
  m_LightmapParameters: {fileID: 0}
  m_SortingLayerID: 0
  m_SortingLayer: 0
  m_SortingOrder: 0
  m_Sprite: {fileID: 21300000, guid: ce3f2a4b7da45d248a457fe605ee835c, type: 3}
  m_Color: {r: 1, g: 1, b: 1, a: 1}
  m_FlipX: 0
  m_FlipY: 0
  m_DrawMode: 0
  m_Size: {x: 3.71, y: 3.91}
  m_AdaptiveModeThreshold: 0.5
  m_SpriteTileMode: 0
  m_WasSpriteAssigned: 1
  m_MaskInteraction: 0
  m_SpriteSortPoint: 0
--- !u!50 &1082835758174578221
Rigidbody2D:
  serializedVersion: 4
  m_ObjectHideFlags: 0
  m_CorrespondingSourceObject: {fileID: 0}
  m_PrefabInstance: {fileID: 0}
  m_PrefabAsset: {fileID: 0}
  m_GameObject: {fileID: 2654945661339992472}
  m_BodyType: 0
  m_Simulated: 1
  m_UseFullKinematicContacts: 0
  m_UseAutoMass: 0
  m_Mass: 1
  m_LinearDrag: 0
  m_AngularDrag: 0.05
  m_GravityScale: 0
  m_Material: {fileID: 0}
  m_Interpolate: 0
  m_SleepingMode: 1
  m_CollisionDetection: 0
  m_Constraints: 7
--- !u!114 &4741642977625233903
MonoBehaviour:
  m_ObjectHideFlags: 0
  m_CorrespondingSourceObject: {fileID: 0}
  m_PrefabInstance: {fileID: 0}
  m_PrefabAsset: {fileID: 0}
  m_GameObject: {fileID: 2654945661339992472}
  m_Enabled: 1
  m_EditorHideFlags: 0
  m_Script: {fileID: 11500000, guid: 88d336004f6e27c40b3234b0720eea4e, type: 3}
  m_Name: 
  m_EditorClassIdentifier: 
  idCup: 3022
--- !u!60 &3117470464496144671
PolygonCollider2D:
  m_ObjectHideFlags: 0
  m_CorrespondingSourceObject: {fileID: 0}
  m_PrefabInstance: {fileID: 0}
  m_PrefabAsset: {fileID: 0}
  m_GameObject: {fileID: 2654945661339992472}
  m_Enabled: 1
  m_Density: 1
  m_Material: {fileID: 0}
  m_IsTrigger: 0
  m_UsedByEffector: 0
  m_UsedByComposite: 0
  m_Offset: {x: 0, y: 0}
  m_SpriteTilingProperty:
    border: {x: 0, y: 0, z: 0, w: 0}
    pivot: {x: 0.5, y: 0.5}
    oldSize: {x: 5.44, y: 3.87}
    newSize: {x: 3.71, y: 3.91}
    adaptiveTilingThreshold: 0.5
    drawMode: 0
    adaptiveTiling: 0
  m_AutoTiling: 0
  m_Points:
    m_Paths:
    - - {x: 0.41, y: -1.8449999}
      - {x: 0.48999998, y: -1.8349999}
      - {x: 0.65999997, y: -1.775}
      - {x: 0.82, y: -1.7249999}
      - {x: 0.93, y: -1.665}
      - {x: 1.06, y: -1.545}
      - {x: 1.1, y: -1.475}
      - {x: 1.12, y: -1.405}
      - {x: 1.14, y: -1.225}
      - {x: 1.16, y: -1.0849999}
      - {x: 1.18, y: -0.965}
      - {x: 1.24, y: -0.895}
      - {x: 1.43, y: -0.815}
      - {x: 1.87, y: -0.66499996}
      - {x: 1.9599999, y: -0.625}
      - {x: 2.2, y: -0.515}
      - {x: 2.31, y: -0.445}
      - {x: 2.3899999, y: -0.385}
      - {x: 2.57, y: -0.205}
      - {x: 2.6699998, y: -0.035}
      - {x: 2.7, y: 0.085}
      - {x: 2.72, y: 0.175}
      - {x: 2.72, y: 0.565}
      - {x: 2.71, y: 0.655}
      - {x: 2.6599998, y: 0.78499997}
      - {x: 2.56, y: 0.91499996}
      - {x: 2.4299998, y: 1.045}
      - {x: 2.35, y: 1.105}
      - {x: 2.1599998, y: 1.1949999}
      - {x: 2.08, y: 1.2049999}
      - {x: 1.9499999, y: 1.225}
      - {x: 1.79, y: 1.225}
      - {x: 1.6999999, y: 1.2149999}
      - {x: 1.5999999, y: 1.1949999}
      - {x: 1.49, y: 1.185}
      - {x: 1.51, y: 1.235}
      - {x: 1.5, y: 1.355}
      - {x: 1.7696489, y: 1.9932594}
      - {x: 1.4015149, y: 1.3134018}
      - {x: 1.3345441, y: 1.1873015}
      - {x: 1.2655817, y: 0.5864887}
      - {x: 1.1026955, y: -0.6123444}
      - {x: 1.0425829, y: -1.418518}
      - {x: 0.9625828, y: -1.516945}
      - {x: 0.8551089, y: -1.6110437}
      - {x: 0.65803045, y: -1.6837969}
      - {x: 0.48516518, y: -1.7565489}
      - {x: 0.21533474, y: -1.8178957}
      - {x: -0.14539993, y: -1.8321657}
      - {x: -0.8020259, y: -1.8735709}
      - {x: -1.0605651, y: -1.846492}
      - {x: -1.376126, y: -1.8051444}
      - {x: -1.704439, y: -1.7466623}
      - {x: -1.9629781, y: -1.6782357}
      - {x: -2.2, y: -1.5398651}
      - {x: -2.2458963, y: -1.4268374}
      - {x: -2.3622549, y: -0.5044129}
      - {x: -2.5431795, y: 0.88375926}
      - {x: -2.6441038, y: 1.3547398}
      - {x: -2.7993348, y: 1.8807497}
      - {x: -2.72, y: 1.375}
      - {x: -2.72, y: 1.0749999}
      - {x: -2.7, y: 1.005}
      - {x: -2.6799998, y: 0.79499996}
      - {x: -2.6599998, y: 0.655}
      - {x: -2.62, y: 0.45499998}
      - {x: -2.59, y: 0.24499999}
      - {x: -2.46, y: -0.655}
      - {x: -2.35, y: -1.425}
      - {x: -2.33, y: -1.485}
      - {x: -2.31, y: -1.515}
      - {x: -2.2, y: -1.625}
      - {x: -2.1499999, y: -1.665}
      - {x: -2, y: -1.735}
      - {x: -1.8299999, y: -1.805}
      - {x: -1.64, y: -1.8449999}
      - {x: -1.49, y: -1.875}
      - {x: -1.22, y: -1.915}
      - {x: -1.12, y: -1.925}
      - {x: -1, y: -1.935}
      - {x: -0.22999999, y: -1.935}
      - {x: -0.11, y: -1.925}
      - {x: 0.19999999, y: -1.885}
    - - {x: 1.27, y: -0.39499998}
      - {x: 1.27, y: -0.33499998}
      - {x: 1.28, y: -0.325}
      - {x: 1.29, y: -0.265}
      - {x: 1.39, y: 0.435}
      - {x: 1.4, y: 0.49499997}
      - {x: 1.41, y: 0.585}
      - {x: 1.53, y: 0.685}
      - {x: 1.75, y: 0.765}
      - {x: 1.9699999, y: 0.775}
      - {x: 1.9799999, y: 0.765}
      - {x: 2.1499999, y: 0.695}
      - {x: 2.22, y: 0.625}
      - {x: 2.28, y: 0.445}
      - {x: 2.29, y: 0.295}
      - {x: 2.28, y: 0.295}
      - {x: 2.22, y: 0.095}
      - {x: 2.09, y: -0.044999998}
      - {x: 1.99, y: -0.105}
      - {x: 1.8399999, y: -0.185}
      - {x: 1.29, y: -0.385}
      - {x: 1.26, y: -0.405}
--- !u!1 &3725786631134352664
GameObject:
  m_ObjectHideFlags: 0
  m_CorrespondingSourceObject: {fileID: 0}
  m_PrefabInstance: {fileID: 0}
  m_PrefabAsset: {fileID: 0}
  serializedVersion: 6
  m_Component:
  - component: {fileID: 6244175926252305029}
  - component: {fileID: 3617461044189809391}
  - component: {fileID: 3994112468040350035}
  - component: {fileID: 4413677640593598636}
  m_Layer: 0
  m_Name: LimitDriveRight
  m_TagString: blurScale
  m_Icon: {fileID: 0}
  m_NavMeshLayer: 0
  m_StaticEditorFlags: 0
  m_IsActive: 1
--- !u!4 &6244175926252305029
Transform:
  m_ObjectHideFlags: 0
  m_CorrespondingSourceObject: {fileID: 0}
  m_PrefabInstance: {fileID: 0}
  m_PrefabAsset: {fileID: 0}
  m_GameObject: {fileID: 3725786631134352664}
  m_LocalRotation: {x: -0.08715578, y: 0.9961947, z: -0, w: 0}
  m_LocalPosition: {x: -5.7, y: -4.41, z: 0}
  m_LocalScale: {x: 1, y: 1, z: 1}
  m_ConstrainProportionsScale: 0
  m_Children: []
  m_Father: {fileID: 870103699008674322}
  m_RootOrder: 1
  m_LocalEulerAnglesHint: {x: 0, y: 180, z: -10}
--- !u!212 &3617461044189809391
SpriteRenderer:
  m_ObjectHideFlags: 0
  m_CorrespondingSourceObject: {fileID: 0}
  m_PrefabInstance: {fileID: 0}
  m_PrefabAsset: {fileID: 0}
  m_GameObject: {fileID: 3725786631134352664}
  m_Enabled: 1
  m_CastShadows: 0
  m_ReceiveShadows: 0
  m_DynamicOccludee: 1
  m_StaticShadowCaster: 0
  m_MotionVectors: 1
  m_LightProbeUsage: 1
  m_ReflectionProbeUsage: 1
  m_RayTracingMode: 0
  m_RayTraceProcedural: 0
  m_RenderingLayerMask: 1
  m_RendererPriority: 0
  m_Materials:
  - {fileID: 10754, guid: 0000000000000000f000000000000000, type: 0}
  m_StaticBatchInfo:
    firstSubMesh: 0
    subMeshCount: 0
  m_StaticBatchRoot: {fileID: 0}
  m_ProbeAnchor: {fileID: 0}
  m_LightProbeVolumeOverride: {fileID: 0}
  m_ScaleInLightmap: 1
  m_ReceiveGI: 1
  m_PreserveUVs: 0
  m_IgnoreNormalsForChartDetection: 0
  m_ImportantGI: 0
  m_StitchLightmapSeams: 1
  m_SelectedEditorRenderState: 0
  m_MinimumChartSize: 4
  m_AutoUVMaxDistance: 0.5
  m_AutoUVMaxAngle: 89
  m_LightmapParameters: {fileID: 0}
  m_SortingLayerID: 0
  m_SortingLayer: 0
  m_SortingOrder: 2
  m_Sprite: {fileID: 21300000, guid: 14769d2e4a8f9d641a7a9ae8acad7711, type: 3}
  m_Color: {r: 1, g: 1, b: 1, a: 1}
  m_FlipX: 0
  m_FlipY: 0
  m_DrawMode: 0
  m_Size: {x: 3.85, y: 2.57}
  m_AdaptiveModeThreshold: 0.5
  m_SpriteTileMode: 0
  m_WasSpriteAssigned: 1
  m_MaskInteraction: 0
  m_SpriteSortPoint: 0
--- !u!50 &3994112468040350035
Rigidbody2D:
  serializedVersion: 4
  m_ObjectHideFlags: 0
  m_CorrespondingSourceObject: {fileID: 0}
  m_PrefabInstance: {fileID: 0}
  m_PrefabAsset: {fileID: 0}
  m_GameObject: {fileID: 3725786631134352664}
  m_BodyType: 0
  m_Simulated: 1
  m_UseFullKinematicContacts: 0
  m_UseAutoMass: 0
  m_Mass: 1
  m_LinearDrag: 0
  m_AngularDrag: 0.05
  m_GravityScale: 0
  m_Material: {fileID: 0}
  m_Interpolate: 0
  m_SleepingMode: 1
  m_CollisionDetection: 0
  m_Constraints: 7
--- !u!60 &4413677640593598636
PolygonCollider2D:
  m_ObjectHideFlags: 0
  m_CorrespondingSourceObject: {fileID: 0}
  m_PrefabInstance: {fileID: 0}
  m_PrefabAsset: {fileID: 0}
  m_GameObject: {fileID: 3725786631134352664}
  m_Enabled: 1
  m_Density: 1
  m_Material: {fileID: 0}
  m_IsTrigger: 0
  m_UsedByEffector: 0
  m_UsedByComposite: 0
  m_Offset: {x: 0, y: 0}
  m_SpriteTilingProperty:
    border: {x: 0, y: 0, z: 0, w: 0}
    pivot: {x: 0.5, y: 0.5}
    oldSize: {x: 6.19, y: 5.65}
    newSize: {x: 3.85, y: 2.57}
    adaptiveTilingThreshold: 0.5
    drawMode: 0
    adaptiveTiling: 0
  m_AutoTiling: 0
  m_Points:
    m_Paths:
    - - {x: -1.995, y: -2.105}
      - {x: -1.895, y: -2.0349998}
      - {x: -1.745, y: -1.895}
      - {x: -1.485, y: -1.665}
      - {x: -1.385, y: -1.555}
      - {x: -1.285, y: -1.485}
      - {x: -1.175, y: -1.385}
      - {x: -0.965, y: -1.165}
      - {x: -0.85499996, y: -1.095}
      - {x: -0.765, y: -1.005}
      - {x: -0.655, y: -0.875}
      - {x: -0.555, y: -0.805}
      - {x: -0.465, y: -0.72499996}
      - {x: -0.355, y: -0.60499996}
      - {x: -0.255, y: -0.53499997}
      - {x: -0.185, y: -0.445}
      - {x: -0.065, y: -0.325}
      - {x: 0.035, y: -0.255}
      - {x: 0.175, y: -0.114999995}
      - {x: 0.21499999, y: -0.055}
      - {x: 0.33499998, y: 0.024999999}
      - {x: 0.42499998, y: 0.105}
      - {x: 0.525, y: 0.225}
      - {x: 0.625, y: 0.295}
      - {x: 0.775, y: 0.435}
      - {x: 0.905, y: 0.575}
      - {x: 1.2149999, y: 0.84499997}
      - {x: 1.255, y: 0.91499996}
      - {x: 1.365, y: 0.97499996}
      - {x: 1.505, y: 1.115}
      - {x: 1.655, y: 1.255}
      - {x: 1.735, y: 1.3349999}
      - {x: 1.915, y: 1.485}
      - {x: 1.9749999, y: 1.5949999}
      - {x: 2.085, y: 1.665}
      - {x: 2.095, y: 1.7249999}
      - {x: 2.215, y: 1.8149999}
      - {x: 2.375, y: 1.9549999}
      - {x: 2.405, y: 2.0149999}
      - {x: 2.5149999, y: 2.075}
      - {x: 2.665, y: 2.225}
      - {x: 2.685, y: 2.2749999}
      - {x: 2.7949998, y: 2.365}
      - {x: 2.945, y: 2.5149999}
      - {x: 3.0649998, y: 2.615}
      - {x: 3.095, y: 2.655}
      - {x: 3.095, y: 2.7649999}
      - {x: 3.0549998, y: 2.8149998}
      - {x: 3.0349998, y: 2.825}
      - {x: 2.745, y: 2.825}
      - {x: 2.685, y: 2.8049998}
      - {x: 2.625, y: 2.7549999}
      - {x: 2.465, y: 2.625}
      - {x: 2.425, y: 2.5449998}
      - {x: 2.315, y: 2.475}
      - {x: 2.125, y: 2.2649999}
      - {x: 2.0249999, y: 2.195}
      - {x: 1.885, y: 2.065}
      - {x: 1.745, y: 1.925}
      - {x: 1.7049999, y: 1.8449999}
      - {x: 1.5949999, y: 1.775}
      - {x: 1.5749999, y: 1.7249999}
      - {x: 1.345, y: 1.545}
      - {x: 1.1949999, y: 1.405}
      - {x: 1.125, y: 1.295}
      - {x: 1.015, y: 1.225}
      - {x: 0.945, y: 1.145}
      - {x: 0.745, y: 0.955}
      - {x: 0.575, y: 0.825}
      - {x: 0.42499998, y: 0.685}
      - {x: 0.405, y: 0.635}
      - {x: 0.285, y: 0.545}
      - {x: -0.055, y: 0.205}
      - {x: -0.155, y: 0.13499999}
      - {x: -0.45499998, y: -0.145}
      - {x: -0.79499996, y: -0.48499998}
      - {x: -0.885, y: -0.555}
      - {x: -0.945, y: -0.625}
      - {x: -1.045, y: -0.695}
      - {x: -1.145, y: -0.79499996}
      - {x: -1.2149999, y: -0.885}
      - {x: -1.345, y: -0.965}
      - {x: -1.395, y: -1.045}
      - {x: -1.495, y: -1.115}
      - {x: -1.635, y: -1.235}
      - {x: -1.665, y: -1.305}
      - {x: -1.775, y: -1.375}
      - {x: -2.065, y: -1.655}
      - {x: -2.185, y: -1.755}
      - {x: -2.245, y: -1.8449999}
      - {x: -2.315, y: -1.865}
      - {x: -2.475, y: -2.0249999}
      - {x: -2.585, y: -2.085}
      - {x: -2.7133875, y: -2.2041636}
      - {x: -2.8841856, y: -2.3013613}
      - {x: -2.98749, y: -2.4243038}
      - {x: -3.0522506, y: -2.5321772}
      - {x: -3.1506443, y: -2.7048116}
      - {x: -3.0049999, y: -2.7949998}
      - {x: -2.925, y: -2.825}
      - {x: -2.625, y: -2.825}
      - {x: -2.455, y: -2.745}
      - {x: -2.225, y: -2.5149999}
      - {x: -2.145, y: -2.305}
--- !u!1 &6320765308886585928
GameObject:
  m_ObjectHideFlags: 0
  m_CorrespondingSourceObject: {fileID: 0}
  m_PrefabInstance: {fileID: 0}
  m_PrefabAsset: {fileID: 0}
  serializedVersion: 6
  m_Component:
  - component: {fileID: 870103699008674322}
  m_Layer: 0
  m_Name: LimitDrive
  m_TagString: Untagged
  m_Icon: {fileID: 0}
  m_NavMeshLayer: 0
  m_StaticEditorFlags: 0
  m_IsActive: 1
--- !u!4 &870103699008674322
Transform:
  m_ObjectHideFlags: 0
  m_CorrespondingSourceObject: {fileID: 0}
  m_PrefabInstance: {fileID: 0}
  m_PrefabAsset: {fileID: 0}
  m_GameObject: {fileID: 6320765308886585928}
  m_LocalRotation: {x: -0, y: -0, z: -0, w: 1}
  m_LocalPosition: {x: 0.1625, y: 10.175, z: 0}
  m_LocalScale: {x: 1, y: 1.25, z: 1.25}
  m_ConstrainProportionsScale: 0
  m_Children:
  - {fileID: 6169156817232117848}
  - {fileID: 6244175926252305029}
  - {fileID: 2796879787475298802}
  m_Father: {fileID: 2961210638262920250}
  m_RootOrder: 0
  m_LocalEulerAnglesHint: {x: 0, y: 0, z: 0}
--- !u!1 &8897051116638206700
GameObject:
  m_ObjectHideFlags: 0
  m_CorrespondingSourceObject: {fileID: 0}
  m_PrefabInstance: {fileID: 0}
  m_PrefabAsset: {fileID: 0}
  serializedVersion: 6
  m_Component:
  - component: {fileID: 6169156817232117848}
  - component: {fileID: 7752007651100006948}
  - component: {fileID: 6463975868159192998}
  - component: {fileID: 7508743456087472111}
  m_Layer: 0
  m_Name: LimitDriveLeft
  m_TagString: blurScale
  m_Icon: {fileID: 0}
  m_NavMeshLayer: 0
  m_StaticEditorFlags: 0
  m_IsActive: 1
--- !u!4 &6169156817232117848
Transform:
  m_ObjectHideFlags: 0
  m_CorrespondingSourceObject: {fileID: 0}
  m_PrefabInstance: {fileID: 0}
  m_PrefabAsset: {fileID: 0}
  m_GameObject: {fileID: 8897051116638206700}
  m_LocalRotation: {x: 0, y: 0, z: -0.08715578, w: 0.9961947}
  m_LocalPosition: {x: 4.200001, y: -4.4400005, z: 0}
  m_LocalScale: {x: 1, y: 1, z: 1}
  m_ConstrainProportionsScale: 0
  m_Children: []
  m_Father: {fileID: 870103699008674322}
  m_RootOrder: 0
  m_LocalEulerAnglesHint: {x: 0, y: 0, z: -10}
--- !u!212 &7752007651100006948
SpriteRenderer:
  m_ObjectHideFlags: 0
  m_CorrespondingSourceObject: {fileID: 0}
  m_PrefabInstance: {fileID: 0}
  m_PrefabAsset: {fileID: 0}
  m_GameObject: {fileID: 8897051116638206700}
  m_Enabled: 1
  m_CastShadows: 0
  m_ReceiveShadows: 0
  m_DynamicOccludee: 1
  m_StaticShadowCaster: 0
  m_MotionVectors: 1
  m_LightProbeUsage: 1
  m_ReflectionProbeUsage: 1
  m_RayTracingMode: 0
  m_RayTraceProcedural: 0
  m_RenderingLayerMask: 1
  m_RendererPriority: 0
  m_Materials:
  - {fileID: 10754, guid: 0000000000000000f000000000000000, type: 0}
  m_StaticBatchInfo:
    firstSubMesh: 0
    subMeshCount: 0
  m_StaticBatchRoot: {fileID: 0}
  m_ProbeAnchor: {fileID: 0}
  m_LightProbeVolumeOverride: {fileID: 0}
  m_ScaleInLightmap: 1
  m_ReceiveGI: 1
  m_PreserveUVs: 0
  m_IgnoreNormalsForChartDetection: 0
  m_ImportantGI: 0
  m_StitchLightmapSeams: 1
  m_SelectedEditorRenderState: 0
  m_MinimumChartSize: 4
  m_AutoUVMaxDistance: 0.5
  m_AutoUVMaxAngle: 89
  m_LightmapParameters: {fileID: 0}
  m_SortingLayerID: 0
  m_SortingLayer: 0
  m_SortingOrder: 2
  m_Sprite: {fileID: 21300000, guid: 14769d2e4a8f9d641a7a9ae8acad7711, type: 3}
  m_Color: {r: 1, g: 1, b: 1, a: 1}
  m_FlipX: 0
  m_FlipY: 0
  m_DrawMode: 0
  m_Size: {x: 3.85, y: 2.57}
  m_AdaptiveModeThreshold: 0.5
  m_SpriteTileMode: 0
  m_WasSpriteAssigned: 1
  m_MaskInteraction: 0
  m_SpriteSortPoint: 0
--- !u!50 &6463975868159192998
Rigidbody2D:
  serializedVersion: 4
  m_ObjectHideFlags: 0
  m_CorrespondingSourceObject: {fileID: 0}
  m_PrefabInstance: {fileID: 0}
  m_PrefabAsset: {fileID: 0}
  m_GameObject: {fileID: 8897051116638206700}
  m_BodyType: 0
  m_Simulated: 1
  m_UseFullKinematicContacts: 0
  m_UseAutoMass: 0
  m_Mass: 1
  m_LinearDrag: 0
  m_AngularDrag: 0.05
  m_GravityScale: 0
  m_Material: {fileID: 0}
  m_Interpolate: 0
  m_SleepingMode: 1
  m_CollisionDetection: 0
  m_Constraints: 7
--- !u!60 &7508743456087472111
PolygonCollider2D:
  m_ObjectHideFlags: 0
  m_CorrespondingSourceObject: {fileID: 0}
  m_PrefabInstance: {fileID: 0}
  m_PrefabAsset: {fileID: 0}
  m_GameObject: {fileID: 8897051116638206700}
  m_Enabled: 1
  m_Density: 1
  m_Material: {fileID: 0}
  m_IsTrigger: 0
  m_UsedByEffector: 0
  m_UsedByComposite: 0
  m_Offset: {x: 0, y: 0}
  m_SpriteTilingProperty:
    border: {x: 0, y: 0, z: 0, w: 0}
    pivot: {x: 0.5, y: 0.5}
    oldSize: {x: 6.19, y: 5.65}
    newSize: {x: 3.85, y: 2.57}
    adaptiveTilingThreshold: 0.5
    drawMode: 0
    adaptiveTiling: 0
  m_AutoTiling: 0
  m_Points:
    m_Paths:
    - - {x: -1.995, y: -2.105}
      - {x: -1.895, y: -2.0349998}
      - {x: -1.745, y: -1.895}
      - {x: -1.485, y: -1.665}
      - {x: -1.385, y: -1.555}
      - {x: -1.285, y: -1.485}
      - {x: -1.175, y: -1.385}
      - {x: -0.965, y: -1.165}
      - {x: -0.85499996, y: -1.095}
      - {x: -0.765, y: -1.005}
      - {x: -0.655, y: -0.875}
      - {x: -0.555, y: -0.805}
      - {x: -0.465, y: -0.72499996}
      - {x: -0.355, y: -0.60499996}
      - {x: -0.255, y: -0.53499997}
      - {x: -0.185, y: -0.445}
      - {x: -0.065, y: -0.325}
      - {x: 0.035, y: -0.255}
      - {x: 0.175, y: -0.114999995}
      - {x: 0.21499999, y: -0.055}
      - {x: 0.33499998, y: 0.024999999}
      - {x: 0.42499998, y: 0.105}
      - {x: 0.525, y: 0.225}
      - {x: 0.625, y: 0.295}
      - {x: 0.775, y: 0.435}
      - {x: 0.905, y: 0.575}
      - {x: 1.2149999, y: 0.84499997}
      - {x: 1.255, y: 0.91499996}
      - {x: 1.365, y: 0.97499996}
      - {x: 1.505, y: 1.115}
      - {x: 1.655, y: 1.255}
      - {x: 1.735, y: 1.3349999}
      - {x: 1.915, y: 1.485}
      - {x: 1.9749999, y: 1.5949999}
      - {x: 2.085, y: 1.665}
      - {x: 2.095, y: 1.7249999}
      - {x: 2.215, y: 1.8149999}
      - {x: 2.375, y: 1.9549999}
      - {x: 2.405, y: 2.0149999}
      - {x: 2.5149999, y: 2.075}
      - {x: 2.665, y: 2.225}
      - {x: 2.685, y: 2.2749999}
      - {x: 2.7949998, y: 2.365}
      - {x: 2.945, y: 2.5149999}
      - {x: 3.0649998, y: 2.615}
      - {x: 3.095, y: 2.655}
      - {x: 3.095, y: 2.7649999}
      - {x: 3.0549998, y: 2.8149998}
      - {x: 3.0349998, y: 2.825}
      - {x: 2.745, y: 2.825}
      - {x: 2.685, y: 2.8049998}
      - {x: 2.625, y: 2.7549999}
      - {x: 2.465, y: 2.625}
      - {x: 2.425, y: 2.5449998}
      - {x: 2.315, y: 2.475}
      - {x: 2.125, y: 2.2649999}
      - {x: 2.0249999, y: 2.195}
      - {x: 1.885, y: 2.065}
      - {x: 1.745, y: 1.925}
      - {x: 1.7049999, y: 1.8449999}
      - {x: 1.5949999, y: 1.775}
      - {x: 1.5749999, y: 1.7249999}
      - {x: 1.345, y: 1.545}
      - {x: 1.1949999, y: 1.405}
      - {x: 1.125, y: 1.295}
      - {x: 1.015, y: 1.225}
      - {x: 0.945, y: 1.145}
      - {x: 0.745, y: 0.955}
      - {x: 0.575, y: 0.825}
      - {x: 0.42499998, y: 0.685}
      - {x: 0.405, y: 0.635}
      - {x: 0.285, y: 0.545}
      - {x: -0.055, y: 0.205}
      - {x: -0.155, y: 0.13499999}
      - {x: -0.45499998, y: -0.145}
      - {x: -0.79499996, y: -0.48499998}
      - {x: -0.885, y: -0.555}
      - {x: -0.945, y: -0.625}
      - {x: -1.045, y: -0.695}
      - {x: -1.145, y: -0.79499996}
      - {x: -1.2149999, y: -0.885}
      - {x: -1.345, y: -0.965}
      - {x: -1.395, y: -1.045}
      - {x: -1.495, y: -1.115}
      - {x: -1.635, y: -1.235}
      - {x: -1.665, y: -1.305}
      - {x: -1.775, y: -1.375}
      - {x: -2.065, y: -1.655}
      - {x: -2.185, y: -1.755}
      - {x: -2.245, y: -1.8449999}
      - {x: -2.315, y: -1.865}
      - {x: -2.475, y: -2.0249999}
      - {x: -2.585, y: -2.085}
      - {x: -2.7193341, y: -2.224477}
      - {x: -2.9088342, y: -2.3669436}
      - {x: -2.9861028, y: -2.4321709}
      - {x: -3.081661, y: -2.5906498}
      - {x: -3.095, y: -2.695}
      - {x: -3.0049999, y: -2.7949998}
      - {x: -2.925, y: -2.825}
      - {x: -2.625, y: -2.825}
      - {x: -2.455, y: -2.745}
      - {x: -2.225, y: -2.5149999}
      - {x: -2.145, y: -2.305}
