%YAML 1.1
%TAG !u! tag:unity3d.com,2011:
--- !u!1 &1820700620606863937
GameObject:
  m_ObjectHideFlags: 0
  m_CorrespondingSourceObject: {fileID: 0}
  m_PrefabInstance: {fileID: 0}
  m_PrefabAsset: {fileID: 0}
  serializedVersion: 6
  m_Component:
  - component: {fileID: 4008764676734206197}
  - component: {fileID: 695921215302376073}
  - component: {fileID: 4289791373139242763}
  - component: {fileID: 723015931022636866}
  m_Layer: 0
  m_Name: LimitDriveLeft
  m_TagString: blurScale
  m_Icon: {fileID: 0}
  m_NavMeshLayer: 0
  m_StaticEditorFlags: 0
  m_IsActive: 1
--- !u!4 &4008764676734206197
Transform:
  m_ObjectHideFlags: 0
  m_CorrespondingSourceObject: {fileID: 0}
  m_PrefabInstance: {fileID: 0}
  m_PrefabAsset: {fileID: 0}
  m_GameObject: {fileID: 1820700620606863937}
  m_LocalRotation: {x: 0, y: 0, z: -0.08715578, w: 0.9961947}
  m_LocalPosition: {x: 4.23, y: -4.76, z: 0}
  m_LocalScale: {x: 1, y: 1, z: 1}
  m_ConstrainProportionsScale: 0
  m_Children: []
  m_Father: {fileID: 7939841741635902143}
  m_RootOrder: 0
  m_LocalEulerAnglesHint: {x: 0, y: 0, z: -10}
--- !u!212 &695921215302376073
SpriteRenderer:
  m_ObjectHideFlags: 0
  m_CorrespondingSourceObject: {fileID: 0}
  m_PrefabInstance: {fileID: 0}
  m_PrefabAsset: {fileID: 0}
  m_GameObject: {fileID: 1820700620606863937}
  m_Enabled: 1
  m_CastShadows: 0
  m_ReceiveShadows: 0
  m_DynamicOccludee: 1
  m_StaticShadowCaster: 0
  m_MotionVectors: 1
  m_LightProbeUsage: 1
  m_ReflectionProbeUsage: 1
  m_RayTracingMode: 0
  m_RayTraceProcedural: 0
  m_RenderingLayerMask: 1
  m_RendererPriority: 0
  m_Materials:
  - {fileID: 10754, guid: 0000000000000000f000000000000000, type: 0}
  m_StaticBatchInfo:
    firstSubMesh: 0
    subMeshCount: 0
  m_StaticBatchRoot: {fileID: 0}
  m_ProbeAnchor: {fileID: 0}
  m_LightProbeVolumeOverride: {fileID: 0}
  m_ScaleInLightmap: 1
  m_ReceiveGI: 1
  m_PreserveUVs: 0
  m_IgnoreNormalsForChartDetection: 0
  m_ImportantGI: 0
  m_StitchLightmapSeams: 1
  m_SelectedEditorRenderState: 0
  m_MinimumChartSize: 4
  m_AutoUVMaxDistance: 0.5
  m_AutoUVMaxAngle: 89
  m_LightmapParameters: {fileID: 0}
  m_SortingLayerID: 0
  m_SortingLayer: 0
  m_SortingOrder: 2
  m_Sprite: {fileID: 21300000, guid: 14769d2e4a8f9d641a7a9ae8acad7711, type: 3}
  m_Color: {r: 1, g: 1, b: 1, a: 1}
  m_FlipX: 0
  m_FlipY: 0
  m_DrawMode: 0
  m_Size: {x: 3.85, y: 2.57}
  m_AdaptiveModeThreshold: 0.5
  m_SpriteTileMode: 0
  m_WasSpriteAssigned: 1
  m_MaskInteraction: 0
  m_SpriteSortPoint: 0
--- !u!50 &4289791373139242763
Rigidbody2D:
  serializedVersion: 4
  m_ObjectHideFlags: 0
  m_CorrespondingSourceObject: {fileID: 0}
  m_PrefabInstance: {fileID: 0}
  m_PrefabAsset: {fileID: 0}
  m_GameObject: {fileID: 1820700620606863937}
  m_BodyType: 0
  m_Simulated: 1
  m_UseFullKinematicContacts: 0
  m_UseAutoMass: 0
  m_Mass: 1
  m_LinearDrag: 0
  m_AngularDrag: 0.05
  m_GravityScale: 0
  m_Material: {fileID: 0}
  m_Interpolate: 0
  m_SleepingMode: 1
  m_CollisionDetection: 0
  m_Constraints: 7
--- !u!60 &723015931022636866
PolygonCollider2D:
  m_ObjectHideFlags: 0
  m_CorrespondingSourceObject: {fileID: 0}
  m_PrefabInstance: {fileID: 0}
  m_PrefabAsset: {fileID: 0}
  m_GameObject: {fileID: 1820700620606863937}
  m_Enabled: 1
  m_Density: 1
  m_Material: {fileID: 0}
  m_IsTrigger: 0
  m_UsedByEffector: 0
  m_UsedByComposite: 0
  m_Offset: {x: 0, y: 0}
  m_SpriteTilingProperty:
    border: {x: 0, y: 0, z: 0, w: 0}
    pivot: {x: 0.5, y: 0.5}
    oldSize: {x: 6.19, y: 5.65}
    newSize: {x: 3.85, y: 2.57}
    adaptiveTilingThreshold: 0.5
    drawMode: 0
    adaptiveTiling: 0
  m_AutoTiling: 0
  m_Points:
    m_Paths:
    - - {x: -1.995, y: -2.105}
      - {x: -1.895, y: -2.0349998}
      - {x: -1.745, y: -1.895}
      - {x: -1.485, y: -1.665}
      - {x: -1.385, y: -1.555}
      - {x: -1.285, y: -1.485}
      - {x: -1.175, y: -1.385}
      - {x: -0.965, y: -1.165}
      - {x: -0.85499996, y: -1.095}
      - {x: -0.765, y: -1.005}
      - {x: -0.655, y: -0.875}
      - {x: -0.555, y: -0.805}
      - {x: -0.465, y: -0.72499996}
      - {x: -0.355, y: -0.60499996}
      - {x: -0.255, y: -0.53499997}
      - {x: -0.185, y: -0.445}
      - {x: -0.065, y: -0.325}
      - {x: 0.035, y: -0.255}
      - {x: 0.175, y: -0.114999995}
      - {x: 0.21499999, y: -0.055}
      - {x: 0.33499998, y: 0.024999999}
      - {x: 0.42499998, y: 0.105}
      - {x: 0.525, y: 0.225}
      - {x: 0.625, y: 0.295}
      - {x: 0.775, y: 0.435}
      - {x: 0.905, y: 0.575}
      - {x: 1.2149999, y: 0.84499997}
      - {x: 1.255, y: 0.91499996}
      - {x: 1.365, y: 0.97499996}
      - {x: 1.505, y: 1.115}
      - {x: 1.655, y: 1.255}
      - {x: 1.735, y: 1.3349999}
      - {x: 1.915, y: 1.485}
      - {x: 1.9749999, y: 1.5949999}
      - {x: 2.085, y: 1.665}
      - {x: 2.095, y: 1.7249999}
      - {x: 2.215, y: 1.8149999}
      - {x: 2.375, y: 1.9549999}
      - {x: 2.405, y: 2.0149999}
      - {x: 2.5149999, y: 2.075}
      - {x: 2.665, y: 2.225}
      - {x: 2.685, y: 2.2749999}
      - {x: 2.7949998, y: 2.365}
      - {x: 2.945, y: 2.5149999}
      - {x: 3.0649998, y: 2.615}
      - {x: 3.095, y: 2.655}
      - {x: 3.095, y: 2.7649999}
      - {x: 3.0549998, y: 2.8149998}
      - {x: 3.0349998, y: 2.825}
      - {x: 2.745, y: 2.825}
      - {x: 2.685, y: 2.8049998}
      - {x: 2.625, y: 2.7549999}
      - {x: 2.465, y: 2.625}
      - {x: 2.425, y: 2.5449998}
      - {x: 2.315, y: 2.475}
      - {x: 2.125, y: 2.2649999}
      - {x: 2.0249999, y: 2.195}
      - {x: 1.885, y: 2.065}
      - {x: 1.745, y: 1.925}
      - {x: 1.7049999, y: 1.8449999}
      - {x: 1.5949999, y: 1.775}
      - {x: 1.5749999, y: 1.7249999}
      - {x: 1.345, y: 1.545}
      - {x: 1.1949999, y: 1.405}
      - {x: 1.125, y: 1.295}
      - {x: 1.015, y: 1.225}
      - {x: 0.945, y: 1.145}
      - {x: 0.745, y: 0.955}
      - {x: 0.575, y: 0.825}
      - {x: 0.42499998, y: 0.685}
      - {x: 0.405, y: 0.635}
      - {x: 0.285, y: 0.545}
      - {x: -0.055, y: 0.205}
      - {x: -0.155, y: 0.13499999}
      - {x: -0.45499998, y: -0.145}
      - {x: -0.79499996, y: -0.48499998}
      - {x: -0.885, y: -0.555}
      - {x: -0.945, y: -0.625}
      - {x: -1.045, y: -0.695}
      - {x: -1.145, y: -0.79499996}
      - {x: -1.2149999, y: -0.885}
      - {x: -1.345, y: -0.965}
      - {x: -1.395, y: -1.045}
      - {x: -1.495, y: -1.115}
      - {x: -1.635, y: -1.235}
      - {x: -1.665, y: -1.305}
      - {x: -1.775, y: -1.375}
      - {x: -2.065, y: -1.655}
      - {x: -2.185, y: -1.755}
      - {x: -2.245, y: -1.8449999}
      - {x: -2.315, y: -1.865}
      - {x: -2.475, y: -2.0249999}
      - {x: -2.585, y: -2.085}
      - {x: -2.7193341, y: -2.224477}
      - {x: -2.9088342, y: -2.3669436}
      - {x: -2.9861028, y: -2.4321709}
      - {x: -3.081661, y: -2.5906498}
      - {x: -3.095, y: -2.695}
      - {x: -3.0049999, y: -2.7949998}
      - {x: -2.925, y: -2.825}
      - {x: -2.625, y: -2.825}
      - {x: -2.455, y: -2.745}
      - {x: -2.225, y: -2.5149999}
      - {x: -2.145, y: -2.305}
--- !u!1 &3858212433501917925
GameObject:
  m_ObjectHideFlags: 0
  m_CorrespondingSourceObject: {fileID: 0}
  m_PrefabInstance: {fileID: 0}
  m_PrefabAsset: {fileID: 0}
  serializedVersion: 6
  m_Component:
  - component: {fileID: 7939841741635902143}
  m_Layer: 0
  m_Name: LimitDrive
  m_TagString: Untagged
  m_Icon: {fileID: 0}
  m_NavMeshLayer: 0
  m_StaticEditorFlags: 0
  m_IsActive: 1
--- !u!4 &7939841741635902143
Transform:
  m_ObjectHideFlags: 0
  m_CorrespondingSourceObject: {fileID: 0}
  m_PrefabInstance: {fileID: 0}
  m_PrefabAsset: {fileID: 0}
  m_GameObject: {fileID: 3858212433501917925}
  m_LocalRotation: {x: -0, y: -0, z: -0, w: 1}
  m_LocalPosition: {x: 0.78, y: 11.63, z: 0}
  m_LocalScale: {x: 1, y: 1.25, z: 1.25}
  m_ConstrainProportionsScale: 0
  m_Children:
  - {fileID: 4008764676734206197}
  - {fileID: 3790629698287761960}
  - {fileID: 4966417135732779359}
  m_Father: {fileID: 5414615558386115735}
  m_RootOrder: 0
  m_LocalEulerAnglesHint: {x: 0, y: 0, z: 0}
--- !u!1 &5108351124370227509
GameObject:
  m_ObjectHideFlags: 0
  m_CorrespondingSourceObject: {fileID: 0}
  m_PrefabInstance: {fileID: 0}
  m_PrefabAsset: {fileID: 0}
  serializedVersion: 6
  m_Component:
  - component: {fileID: 5414615558386115735}
  - component: {fileID: 64590353038617936}
  - component: {fileID: 7871096060150195840}
  - component: {fileID: 2589977021840841026}
  - component: {fileID: 1333418365208051860}
  m_Layer: 0
  m_Name: Glass_cup_5
  m_TagString: Untagged
  m_Icon: {fileID: 0}
  m_NavMeshLayer: 0
  m_StaticEditorFlags: 0
  m_IsActive: 1
--- !u!4 &5414615558386115735
Transform:
  m_ObjectHideFlags: 0
  m_CorrespondingSourceObject: {fileID: 0}
  m_PrefabInstance: {fileID: 0}
  m_PrefabAsset: {fileID: 0}
  m_GameObject: {fileID: 5108351124370227509}
  m_LocalRotation: {x: 0, y: 0, z: 0, w: 1}
  m_LocalPosition: {x: 0.02, y: -7.34, z: 0}
  m_LocalScale: {x: 0.7, y: 0.7, z: 0.7}
  m_ConstrainProportionsScale: 1
  m_Children:
  - {fileID: 7939841741635902143}
  m_Father: {fileID: 0}
  m_RootOrder: 0
  m_LocalEulerAnglesHint: {x: 0, y: 0, z: 0}
--- !u!212 &64590353038617936
SpriteRenderer:
  m_ObjectHideFlags: 0
  m_CorrespondingSourceObject: {fileID: 0}
  m_PrefabInstance: {fileID: 0}
  m_PrefabAsset: {fileID: 0}
  m_GameObject: {fileID: 5108351124370227509}
  m_Enabled: 1
  m_CastShadows: 0
  m_ReceiveShadows: 0
  m_DynamicOccludee: 1
  m_StaticShadowCaster: 0
  m_MotionVectors: 1
  m_LightProbeUsage: 1
  m_ReflectionProbeUsage: 1
  m_RayTracingMode: 0
  m_RayTraceProcedural: 0
  m_RenderingLayerMask: 1
  m_RendererPriority: 0
  m_Materials:
  - {fileID: 10754, guid: 0000000000000000f000000000000000, type: 0}
  m_StaticBatchInfo:
    firstSubMesh: 0
    subMeshCount: 0
  m_StaticBatchRoot: {fileID: 0}
  m_ProbeAnchor: {fileID: 0}
  m_LightProbeVolumeOverride: {fileID: 0}
  m_ScaleInLightmap: 1
  m_ReceiveGI: 1
  m_PreserveUVs: 0
  m_IgnoreNormalsForChartDetection: 0
  m_ImportantGI: 0
  m_StitchLightmapSeams: 1
  m_SelectedEditorRenderState: 0
  m_MinimumChartSize: 4
  m_AutoUVMaxDistance: 0.5
  m_AutoUVMaxAngle: 89
  m_LightmapParameters: {fileID: 0}
  m_SortingLayerID: 0
  m_SortingLayer: 0
  m_SortingOrder: 0
  m_Sprite: {fileID: 21300000, guid: 1f1a352d3431ebc4caf5acc467ba5370, type: 3}
  m_Color: {r: 1, g: 1, b: 1, a: 1}
  m_FlipX: 0
  m_FlipY: 0
  m_DrawMode: 0
  m_Size: {x: 3.71, y: 3.91}
  m_AdaptiveModeThreshold: 0.5
  m_SpriteTileMode: 0
  m_WasSpriteAssigned: 1
  m_MaskInteraction: 0
  m_SpriteSortPoint: 0
--- !u!50 &7871096060150195840
Rigidbody2D:
  serializedVersion: 4
  m_ObjectHideFlags: 0
  m_CorrespondingSourceObject: {fileID: 0}
  m_PrefabInstance: {fileID: 0}
  m_PrefabAsset: {fileID: 0}
  m_GameObject: {fileID: 5108351124370227509}
  m_BodyType: 0
  m_Simulated: 1
  m_UseFullKinematicContacts: 0
  m_UseAutoMass: 0
  m_Mass: 1
  m_LinearDrag: 0
  m_AngularDrag: 0.05
  m_GravityScale: 0
  m_Material: {fileID: 0}
  m_Interpolate: 0
  m_SleepingMode: 1
  m_CollisionDetection: 0
  m_Constraints: 7
--- !u!114 &2589977021840841026
MonoBehaviour:
  m_ObjectHideFlags: 0
  m_CorrespondingSourceObject: {fileID: 0}
  m_PrefabInstance: {fileID: 0}
  m_PrefabAsset: {fileID: 0}
  m_GameObject: {fileID: 5108351124370227509}
  m_Enabled: 1
  m_EditorHideFlags: 0
  m_Script: {fileID: 11500000, guid: 88d336004f6e27c40b3234b0720eea4e, type: 3}
  m_Name: 
  m_EditorClassIdentifier: 
  idCup: 3024
--- !u!60 &1333418365208051860
PolygonCollider2D:
  m_ObjectHideFlags: 0
  m_CorrespondingSourceObject: {fileID: 0}
  m_PrefabInstance: {fileID: 0}
  m_PrefabAsset: {fileID: 0}
  m_GameObject: {fileID: 5108351124370227509}
  m_Enabled: 1
  m_Density: 1
  m_Material: {fileID: 0}
  m_IsTrigger: 0
  m_UsedByEffector: 0
  m_UsedByComposite: 0
  m_Offset: {x: 0, y: 0}
  m_SpriteTilingProperty:
    border: {x: 0, y: 0, z: 0, w: 0}
    pivot: {x: 0.5, y: 0.5}
    oldSize: {x: 3.75, y: 5.59}
    newSize: {x: 3.71, y: 3.91}
    adaptiveTilingThreshold: 0.5
    drawMode: 0
    adaptiveTiling: 0
  m_AutoTiling: 0
  m_Points:
    m_Paths:
    - - {x: 1.175, y: -2.5449998}
      - {x: 1.2049999, y: -2.5249999}
      - {x: 1.305, y: -2.455}
      - {x: 1.4449999, y: -2.305}
      - {x: 1.495, y: -2.2549999}
      - {x: 1.5649999, y: -2.085}
      - {x: 1.5749999, y: -1.9649999}
      - {x: 1.645, y: -1.485}
      - {x: 1.665, y: -1.3249999}
      - {x: 1.7149999, y: -0.85499996}
      - {x: 1.765, y: -0.295}
      - {x: 1.785, y: -0.024999999}
      - {x: 1.805, y: 0.265}
      - {x: 1.8249999, y: 0.575}
      - {x: 1.8449999, y: 0.92499995}
      - {x: 1.8549999, y: 1.125}
      - {x: 1.865, y: 1.345}
      - {x: 1.875, y: 1.5849999}
      - {x: 1.8844274, y: 2.0901551}
      - {x: 2.5037608, y: 3.0108974}
      - {x: 1.8358358, y: 2.235882}
      - {x: 1.6938312, y: 0.65568984}
      - {x: 1.574759, y: -0.49616826}
      - {x: 1.4024459, y: -1.9340823}
      - {x: 1.2490093, y: -2.2583065}
      - {x: 1.0513004, y: -2.3879967}
      - {x: 0.70103735, y: -2.554824}
      - {x: 0.2424928, y: -2.6650867}
      - {x: -0.37829632, y: -2.6450872}
      - {x: -0.95793974, y: -2.4748242}
      - {x: -1.3373982, y: -2.1978314}
      - {x: -1.434444, y: -1.8622816}
      - {x: -1.6110231, y: -0.4633541}
      - {x: -1.6913679, y: 0.45354843}
      - {x: -1.7152001, y: 1.0339849}
      - {x: -1.7222736, y: 1.3162503}
      - {x: -1.7477114, y: 1.6759053}
      - {x: -1.8105376, y: 2.1962056}
      - {x: -2.2446547, y: 2.7728038}
      - {x: -1.875, y: 2.175}
      - {x: -1.875, y: 1.8449999}
      - {x: -1.865, y: 1.5949999}
      - {x: -1.8549999, y: 1.375}
      - {x: -1.8449999, y: 1.185}
      - {x: -1.8249999, y: 0.835}
      - {x: -1.805, y: 0.515}
      - {x: -1.795, y: 0.36499998}
      - {x: -1.765, y: -0.055}
      - {x: -1.735, y: -0.415}
      - {x: -1.7049999, y: -0.73499995}
      - {x: -1.655, y: -1.2049999}
      - {x: -1.625, y: -1.525}
      - {x: -1.605, y: -1.665}
      - {x: -1.5749999, y: -1.795}
      - {x: -1.545, y: -2.0149999}
      - {x: -1.515, y: -2.135}
      - {x: -1.4549999, y: -2.2649999}
      - {x: -1.275, y: -2.455}
      - {x: -1.145, y: -2.5449998}
      - {x: -0.935, y: -2.645}
      - {x: -0.835, y: -2.695}
      - {x: -0.585, y: -2.7549999}
      - {x: -0.48499998, y: -2.7749999}
      - {x: -0.355, y: -2.7949998}
      - {x: 0.39499998, y: -2.7949998}
      - {x: 0.475, y: -2.7849998}
      - {x: 0.73499995, y: -2.735}
      - {x: 0.905, y: -2.675}
--- !u!1 &5875058379747300789
GameObject:
  m_ObjectHideFlags: 0
  m_CorrespondingSourceObject: {fileID: 0}
  m_PrefabInstance: {fileID: 0}
  m_PrefabAsset: {fileID: 0}
  serializedVersion: 6
  m_Component:
  - component: {fileID: 3790629698287761960}
  - component: {fileID: 5768843856268479042}
  - component: {fileID: 6147749305134119422}
  - component: {fileID: 6880454760664066049}
  m_Layer: 0
  m_Name: LimitDriveRight
  m_TagString: blurScale
  m_Icon: {fileID: 0}
  m_NavMeshLayer: 0
  m_StaticEditorFlags: 0
  m_IsActive: 1
--- !u!4 &3790629698287761960
Transform:
  m_ObjectHideFlags: 0
  m_CorrespondingSourceObject: {fileID: 0}
  m_PrefabInstance: {fileID: 0}
  m_PrefabAsset: {fileID: 0}
  m_GameObject: {fileID: 5875058379747300789}
  m_LocalRotation: {x: -0.08715578, y: 0.9961947, z: -0, w: 0}
  m_LocalPosition: {x: -5.67, y: -4.75, z: 0}
  m_LocalScale: {x: 1, y: 1, z: 1}
  m_ConstrainProportionsScale: 0
  m_Children: []
  m_Father: {fileID: 7939841741635902143}
  m_RootOrder: 1
  m_LocalEulerAnglesHint: {x: 0, y: 180, z: -10}
--- !u!212 &5768843856268479042
SpriteRenderer:
  m_ObjectHideFlags: 0
  m_CorrespondingSourceObject: {fileID: 0}
  m_PrefabInstance: {fileID: 0}
  m_PrefabAsset: {fileID: 0}
  m_GameObject: {fileID: 5875058379747300789}
  m_Enabled: 1
  m_CastShadows: 0
  m_ReceiveShadows: 0
  m_DynamicOccludee: 1
  m_StaticShadowCaster: 0
  m_MotionVectors: 1
  m_LightProbeUsage: 1
  m_ReflectionProbeUsage: 1
  m_RayTracingMode: 0
  m_RayTraceProcedural: 0
  m_RenderingLayerMask: 1
  m_RendererPriority: 0
  m_Materials:
  - {fileID: 10754, guid: 0000000000000000f000000000000000, type: 0}
  m_StaticBatchInfo:
    firstSubMesh: 0
    subMeshCount: 0
  m_StaticBatchRoot: {fileID: 0}
  m_ProbeAnchor: {fileID: 0}
  m_LightProbeVolumeOverride: {fileID: 0}
  m_ScaleInLightmap: 1
  m_ReceiveGI: 1
  m_PreserveUVs: 0
  m_IgnoreNormalsForChartDetection: 0
  m_ImportantGI: 0
  m_StitchLightmapSeams: 1
  m_SelectedEditorRenderState: 0
  m_MinimumChartSize: 4
  m_AutoUVMaxDistance: 0.5
  m_AutoUVMaxAngle: 89
  m_LightmapParameters: {fileID: 0}
  m_SortingLayerID: 0
  m_SortingLayer: 0
  m_SortingOrder: 2
  m_Sprite: {fileID: 21300000, guid: 14769d2e4a8f9d641a7a9ae8acad7711, type: 3}
  m_Color: {r: 1, g: 1, b: 1, a: 1}
  m_FlipX: 0
  m_FlipY: 0
  m_DrawMode: 0
  m_Size: {x: 3.85, y: 2.57}
  m_AdaptiveModeThreshold: 0.5
  m_SpriteTileMode: 0
  m_WasSpriteAssigned: 1
  m_MaskInteraction: 0
  m_SpriteSortPoint: 0
--- !u!50 &6147749305134119422
Rigidbody2D:
  serializedVersion: 4
  m_ObjectHideFlags: 0
  m_CorrespondingSourceObject: {fileID: 0}
  m_PrefabInstance: {fileID: 0}
  m_PrefabAsset: {fileID: 0}
  m_GameObject: {fileID: 5875058379747300789}
  m_BodyType: 0
  m_Simulated: 1
  m_UseFullKinematicContacts: 0
  m_UseAutoMass: 0
  m_Mass: 1
  m_LinearDrag: 0
  m_AngularDrag: 0.05
  m_GravityScale: 0
  m_Material: {fileID: 0}
  m_Interpolate: 0
  m_SleepingMode: 1
  m_CollisionDetection: 0
  m_Constraints: 7
--- !u!60 &6880454760664066049
PolygonCollider2D:
  m_ObjectHideFlags: 0
  m_CorrespondingSourceObject: {fileID: 0}
  m_PrefabInstance: {fileID: 0}
  m_PrefabAsset: {fileID: 0}
  m_GameObject: {fileID: 5875058379747300789}
  m_Enabled: 1
  m_Density: 1
  m_Material: {fileID: 0}
  m_IsTrigger: 0
  m_UsedByEffector: 0
  m_UsedByComposite: 0
  m_Offset: {x: 0, y: 0}
  m_SpriteTilingProperty:
    border: {x: 0, y: 0, z: 0, w: 0}
    pivot: {x: 0.5, y: 0.5}
    oldSize: {x: 6.19, y: 5.65}
    newSize: {x: 3.85, y: 2.57}
    adaptiveTilingThreshold: 0.5
    drawMode: 0
    adaptiveTiling: 0
  m_AutoTiling: 0
  m_Points:
    m_Paths:
    - - {x: -1.995, y: -2.105}
      - {x: -1.895, y: -2.0349998}
      - {x: -1.745, y: -1.895}
      - {x: -1.485, y: -1.665}
      - {x: -1.385, y: -1.555}
      - {x: -1.285, y: -1.485}
      - {x: -1.175, y: -1.385}
      - {x: -0.965, y: -1.165}
      - {x: -0.85499996, y: -1.095}
      - {x: -0.765, y: -1.005}
      - {x: -0.655, y: -0.875}
      - {x: -0.555, y: -0.805}
      - {x: -0.465, y: -0.72499996}
      - {x: -0.355, y: -0.60499996}
      - {x: -0.255, y: -0.53499997}
      - {x: -0.185, y: -0.445}
      - {x: -0.065, y: -0.325}
      - {x: 0.035, y: -0.255}
      - {x: 0.175, y: -0.114999995}
      - {x: 0.21499999, y: -0.055}
      - {x: 0.33499998, y: 0.024999999}
      - {x: 0.42499998, y: 0.105}
      - {x: 0.525, y: 0.225}
      - {x: 0.625, y: 0.295}
      - {x: 0.775, y: 0.435}
      - {x: 0.905, y: 0.575}
      - {x: 1.2149999, y: 0.84499997}
      - {x: 1.255, y: 0.91499996}
      - {x: 1.365, y: 0.97499996}
      - {x: 1.505, y: 1.115}
      - {x: 1.655, y: 1.255}
      - {x: 1.735, y: 1.3349999}
      - {x: 1.915, y: 1.485}
      - {x: 1.9749999, y: 1.5949999}
      - {x: 2.085, y: 1.665}
      - {x: 2.095, y: 1.7249999}
      - {x: 2.215, y: 1.8149999}
      - {x: 2.375, y: 1.9549999}
      - {x: 2.405, y: 2.0149999}
      - {x: 2.5149999, y: 2.075}
      - {x: 2.665, y: 2.225}
      - {x: 2.685, y: 2.2749999}
      - {x: 2.7949998, y: 2.365}
      - {x: 2.945, y: 2.5149999}
      - {x: 3.0649998, y: 2.615}
      - {x: 3.095, y: 2.655}
      - {x: 3.095, y: 2.7649999}
      - {x: 3.0549998, y: 2.8149998}
      - {x: 3.0349998, y: 2.825}
      - {x: 2.745, y: 2.825}
      - {x: 2.685, y: 2.8049998}
      - {x: 2.625, y: 2.7549999}
      - {x: 2.465, y: 2.625}
      - {x: 2.425, y: 2.5449998}
      - {x: 2.315, y: 2.475}
      - {x: 2.125, y: 2.2649999}
      - {x: 2.0249999, y: 2.195}
      - {x: 1.885, y: 2.065}
      - {x: 1.745, y: 1.925}
      - {x: 1.7049999, y: 1.8449999}
      - {x: 1.5949999, y: 1.775}
      - {x: 1.5749999, y: 1.7249999}
      - {x: 1.345, y: 1.545}
      - {x: 1.1949999, y: 1.405}
      - {x: 1.125, y: 1.295}
      - {x: 1.015, y: 1.225}
      - {x: 0.945, y: 1.145}
      - {x: 0.745, y: 0.955}
      - {x: 0.575, y: 0.825}
      - {x: 0.42499998, y: 0.685}
      - {x: 0.405, y: 0.635}
      - {x: 0.285, y: 0.545}
      - {x: -0.055, y: 0.205}
      - {x: -0.155, y: 0.13499999}
      - {x: -0.45499998, y: -0.145}
      - {x: -0.79499996, y: -0.48499998}
      - {x: -0.885, y: -0.555}
      - {x: -0.945, y: -0.625}
      - {x: -1.045, y: -0.695}
      - {x: -1.145, y: -0.79499996}
      - {x: -1.2149999, y: -0.885}
      - {x: -1.345, y: -0.965}
      - {x: -1.395, y: -1.045}
      - {x: -1.495, y: -1.115}
      - {x: -1.635, y: -1.235}
      - {x: -1.665, y: -1.305}
      - {x: -1.775, y: -1.375}
      - {x: -2.065, y: -1.655}
      - {x: -2.185, y: -1.755}
      - {x: -2.245, y: -1.8449999}
      - {x: -2.315, y: -1.865}
      - {x: -2.475, y: -2.0249999}
      - {x: -2.585, y: -2.085}
      - {x: -2.7133875, y: -2.2041636}
      - {x: -2.8841856, y: -2.3013613}
      - {x: -2.98749, y: -2.4243038}
      - {x: -3.0522506, y: -2.5321772}
      - {x: -3.1506443, y: -2.7048116}
      - {x: -3.0049999, y: -2.7949998}
      - {x: -2.925, y: -2.825}
      - {x: -2.625, y: -2.825}
      - {x: -2.455, y: -2.745}
      - {x: -2.225, y: -2.5149999}
      - {x: -2.145, y: -2.305}
--- !u!1 &9025254585827066195
GameObject:
  m_ObjectHideFlags: 0
  m_CorrespondingSourceObject: {fileID: 0}
  m_PrefabInstance: {fileID: 0}
  m_PrefabAsset: {fileID: 0}
  serializedVersion: 6
  m_Component:
  - component: {fileID: 4966417135732779359}
  - component: {fileID: 7101197076343485217}
  - component: {fileID: 1909026218123393949}
  - component: {fileID: 6619950724252075034}
  - component: {fileID: 4441722694205213916}
  m_Layer: 0
  m_Name: LimitBlur
  m_TagString: blurScale
  m_Icon: {fileID: 0}
  m_NavMeshLayer: 0
  m_StaticEditorFlags: 0
  m_IsActive: 0
--- !u!4 &4966417135732779359
Transform:
  m_ObjectHideFlags: 0
  m_CorrespondingSourceObject: {fileID: 0}
  m_PrefabInstance: {fileID: 0}
  m_PrefabAsset: {fileID: 0}
  m_GameObject: {fileID: 9025254585827066195}
  m_LocalRotation: {x: 0, y: 0, z: 0, w: 1}
  m_LocalPosition: {x: 0, y: -3.26, z: 0}
  m_LocalScale: {x: 1, y: 0.1195, z: 1}
  m_ConstrainProportionsScale: 0
  m_Children: []
  m_Father: {fileID: 7939841741635902143}
  m_RootOrder: 2
  m_LocalEulerAnglesHint: {x: 0, y: 0, z: 0}
--- !u!212 &7101197076343485217
SpriteRenderer:
  m_ObjectHideFlags: 0
  m_CorrespondingSourceObject: {fileID: 0}
  m_PrefabInstance: {fileID: 0}
  m_PrefabAsset: {fileID: 0}
  m_GameObject: {fileID: 9025254585827066195}
  m_Enabled: 1
  m_CastShadows: 0
  m_ReceiveShadows: 0
  m_DynamicOccludee: 1
  m_StaticShadowCaster: 0
  m_MotionVectors: 1
  m_LightProbeUsage: 1
  m_ReflectionProbeUsage: 1
  m_RayTracingMode: 0
  m_RayTraceProcedural: 0
  m_RenderingLayerMask: 1
  m_RendererPriority: 0
  m_Materials:
  - {fileID: 10754, guid: 0000000000000000f000000000000000, type: 0}
  m_StaticBatchInfo:
    firstSubMesh: 0
    subMeshCount: 0
  m_StaticBatchRoot: {fileID: 0}
  m_ProbeAnchor: {fileID: 0}
  m_LightProbeVolumeOverride: {fileID: 0}
  m_ScaleInLightmap: 1
  m_ReceiveGI: 1
  m_PreserveUVs: 0
  m_IgnoreNormalsForChartDetection: 0
  m_ImportantGI: 0
  m_StitchLightmapSeams: 1
  m_SelectedEditorRenderState: 0
  m_MinimumChartSize: 4
  m_AutoUVMaxDistance: 0.5
  m_AutoUVMaxAngle: 89
  m_LightmapParameters: {fileID: 0}
  m_SortingLayerID: 0
  m_SortingLayer: 0
  m_SortingOrder: 0
  m_Sprite: {fileID: 21300000, guid: b5c796667e1d6fd43a2f939483155d0d, type: 3}
  m_Color: {r: 1, g: 1, b: 1, a: 1}
  m_FlipX: 0
  m_FlipY: 0
  m_DrawMode: 0
  m_Size: {x: 15.89, y: 2.12}
  m_AdaptiveModeThreshold: 0.5
  m_SpriteTileMode: 0
  m_WasSpriteAssigned: 1
  m_MaskInteraction: 0
  m_SpriteSortPoint: 0
--- !u!50 &1909026218123393949
Rigidbody2D:
  serializedVersion: 4
  m_ObjectHideFlags: 0
  m_CorrespondingSourceObject: {fileID: 0}
  m_PrefabInstance: {fileID: 0}
  m_PrefabAsset: {fileID: 0}
  m_GameObject: {fileID: 9025254585827066195}
  m_BodyType: 0
  m_Simulated: 1
  m_UseFullKinematicContacts: 0
  m_UseAutoMass: 0
  m_Mass: 1
  m_LinearDrag: 0
  m_AngularDrag: 0.05
  m_GravityScale: 0
  m_Material: {fileID: 0}
  m_Interpolate: 0
  m_SleepingMode: 1
  m_CollisionDetection: 0
  m_Constraints: 0
--- !u!61 &6619950724252075034
BoxCollider2D:
  m_ObjectHideFlags: 0
  m_CorrespondingSourceObject: {fileID: 0}
  m_PrefabInstance: {fileID: 0}
  m_PrefabAsset: {fileID: 0}
  m_GameObject: {fileID: 9025254585827066195}
  m_Enabled: 1
  m_Density: 1
  m_Material: {fileID: 0}
  m_IsTrigger: 1
  m_UsedByEffector: 0
  m_UsedByComposite: 0
  m_Offset: {x: 0, y: 0}
  m_SpriteTilingProperty:
    border: {x: 0, y: 0, z: 0, w: 0}
    pivot: {x: 0.5, y: 0.5}
    oldSize: {x: 14.73, y: 2.11}
    newSize: {x: 15.89, y: 2.12}
    adaptiveTilingThreshold: 0.5
    drawMode: 0
    adaptiveTiling: 0
  m_AutoTiling: 0
  serializedVersion: 2
  m_Size: {x: 15.89, y: 2.12}
  m_EdgeRadius: 0
--- !u!114 &4441722694205213916
MonoBehaviour:
  m_ObjectHideFlags: 0
  m_CorrespondingSourceObject: {fileID: 0}
  m_PrefabInstance: {fileID: 0}
  m_PrefabAsset: {fileID: 0}
  m_GameObject: {fileID: 9025254585827066195}
  m_Enabled: 1
  m_EditorHideFlags: 0
  m_Script: {fileID: 11500000, guid: fa2e2024350558a44a2ae119d61edfbc, type: 3}
  m_Name: 
  m_EditorClassIdentifier: 
  image: {fileID: 7101197076343485217}
