%YAML 1.1
%TAG !u! tag:unity3d.com,2011:
--- !u!1 &1629773656242811247
GameObject:
  m_ObjectHideFlags: 0
  m_CorrespondingSourceObject: {fileID: 0}
  m_PrefabInstance: {fileID: 0}
  m_PrefabAsset: {fileID: 0}
  serializedVersion: 6
  m_Component:
  - component: {fileID: 1972023447957673165}
  - component: {fileID: 5809613129468009738}
  - component: {fileID: 4413911230609151706}
  - component: {fileID: 3236752857249720265}
  - component: {fileID: 7671655087912229634}
  m_Layer: 0
  m_Name: Grinder
  m_TagString: Untagged
  m_Icon: {fileID: 0}
  m_NavMeshLayer: 0
  m_StaticEditorFlags: 0
  m_IsActive: 1
--- !u!4 &1972023447957673165
Transform:
  m_ObjectHideFlags: 0
  m_CorrespondingSourceObject: {fileID: 0}
  m_PrefabInstance: {fileID: 0}
  m_PrefabAsset: {fileID: 0}
  m_GameObject: {fileID: 1629773656242811247}
  m_LocalRotation: {x: 0, y: 0, z: 0, w: 1}
  m_LocalPosition: {x: -0.72, y: -7.6, z: 0}
  m_LocalScale: {x: 0.75, y: 0.75, z: 0.75}
  m_ConstrainProportionsScale: 1
  m_Children:
  - {fileID: 6326109964194533646}
  m_Father: {fileID: 0}
  m_RootOrder: 0
  m_LocalEulerAnglesHint: {x: 0, y: 0, z: 0}
--- !u!212 &5809613129468009738
SpriteRenderer:
  m_ObjectHideFlags: 0
  m_CorrespondingSourceObject: {fileID: 0}
  m_PrefabInstance: {fileID: 0}
  m_PrefabAsset: {fileID: 0}
  m_GameObject: {fileID: 1629773656242811247}
  m_Enabled: 1
  m_CastShadows: 0
  m_ReceiveShadows: 0
  m_DynamicOccludee: 1
  m_StaticShadowCaster: 0
  m_MotionVectors: 1
  m_LightProbeUsage: 1
  m_ReflectionProbeUsage: 1
  m_RayTracingMode: 0
  m_RayTraceProcedural: 0
  m_RenderingLayerMask: 1
  m_RendererPriority: 0
  m_Materials:
  - {fileID: 10754, guid: 0000000000000000f000000000000000, type: 0}
  m_StaticBatchInfo:
    firstSubMesh: 0
    subMeshCount: 0
  m_StaticBatchRoot: {fileID: 0}
  m_ProbeAnchor: {fileID: 0}
  m_LightProbeVolumeOverride: {fileID: 0}
  m_ScaleInLightmap: 1
  m_ReceiveGI: 1
  m_PreserveUVs: 0
  m_IgnoreNormalsForChartDetection: 0
  m_ImportantGI: 0
  m_StitchLightmapSeams: 1
  m_SelectedEditorRenderState: 0
  m_MinimumChartSize: 4
  m_AutoUVMaxDistance: 0.5
  m_AutoUVMaxAngle: 89
  m_LightmapParameters: {fileID: 0}
  m_SortingLayerID: 390911701
  m_SortingLayer: 5
  m_SortingOrder: 1
  m_Sprite: {fileID: 21300000, guid: 43a51aa9b6514c140acbc6c069534325, type: 3}
  m_Color: {r: 1, g: 1, b: 1, a: 1}
  m_FlipX: 0
  m_FlipY: 0
  m_DrawMode: 0
  m_Size: {x: 3.71, y: 3.91}
  m_AdaptiveModeThreshold: 0.5
  m_SpriteTileMode: 0
  m_WasSpriteAssigned: 1
  m_MaskInteraction: 0
  m_SpriteSortPoint: 0
--- !u!50 &4413911230609151706
Rigidbody2D:
  serializedVersion: 4
  m_ObjectHideFlags: 0
  m_CorrespondingSourceObject: {fileID: 0}
  m_PrefabInstance: {fileID: 0}
  m_PrefabAsset: {fileID: 0}
  m_GameObject: {fileID: 1629773656242811247}
  m_BodyType: 0
  m_Simulated: 1
  m_UseFullKinematicContacts: 0
  m_UseAutoMass: 0
  m_Mass: 1
  m_LinearDrag: 0
  m_AngularDrag: 0.05
  m_GravityScale: 0
  m_Material: {fileID: 0}
  m_Interpolate: 0
  m_SleepingMode: 1
  m_CollisionDetection: 0
  m_Constraints: 7
--- !u!114 &3236752857249720265
MonoBehaviour:
  m_ObjectHideFlags: 0
  m_CorrespondingSourceObject: {fileID: 0}
  m_PrefabInstance: {fileID: 0}
  m_PrefabAsset: {fileID: 0}
  m_GameObject: {fileID: 1629773656242811247}
  m_Enabled: 1
  m_EditorHideFlags: 0
  m_Script: {fileID: 11500000, guid: 88d336004f6e27c40b3234b0720eea4e, type: 3}
  m_Name: 
  m_EditorClassIdentifier: 
  idCup: 3005
--- !u!60 &7671655087912229634
PolygonCollider2D:
  m_ObjectHideFlags: 0
  m_CorrespondingSourceObject: {fileID: 0}
  m_PrefabInstance: {fileID: 0}
  m_PrefabAsset: {fileID: 0}
  m_GameObject: {fileID: 1629773656242811247}
  m_Enabled: 1
  m_Density: 1
  m_Material: {fileID: 0}
  m_IsTrigger: 0
  m_UsedByEffector: 0
  m_UsedByComposite: 0
  m_Offset: {x: 0, y: 0}
  m_SpriteTilingProperty:
    border: {x: 0, y: 0, z: 0, w: 0}
    pivot: {x: 0.5, y: 0.5}
    oldSize: {x: 4.17, y: 4.22}
    newSize: {x: 3.71, y: 3.91}
    adaptiveTilingThreshold: 0.5
    drawMode: 0
    adaptiveTiling: 0
  m_AutoTiling: 0
  m_Points:
    m_Paths:
    - - {x: 0.36499998, y: -2}
      - {x: 0.435, y: -2.11}
      - {x: 0.675, y: -2.11}
      - {x: 0.775, y: -2}
      - {x: 0.835, y: -1.75}
      - {x: 0.85499996, y: -1.0799999}
      - {x: 0.91499996, y: -1.01}
      - {x: 1.235, y: -0.97999996}
      - {x: 1.3249999, y: -1.05}
      - {x: 1.885, y: -1.11}
      - {x: 1.985, y: -1.17}
      - {x: 2.1560197, y: -2.152032}
      - {x: 5.4597745, y: -2.1087391}
      - {x: 9.153231, y: -2.0689416}
      - {x: 7.227873, y: 1.710242}
      - {x: 2.1416411, y: 2.6301203}
      - {x: 1.7723502, y: 2.13661}
      - {x: 1.4071739, y: 1.9369694}
      - {x: 0.3171537, y: 1.6410408}
      - {x: 0.3558408, y: 1.1150231}
      - {x: 0.6930733, y: 0.32090044}
      - {x: 1.0412488, y: 0.14540744}
      - {x: 2.1652856, y: 0.135705}
      - {x: 7.1698065, y: 0.5738331}
      - {x: 8.62859, y: -1.8138402}
      - {x: 5.6736207, y: -1.2408082}
      - {x: 5.5676355, y: -1.7848449}
      - {x: 5.414205, y: -1.9394305}
      - {x: 2.4794025, y: -1.9731121}
      - {x: 2.2693424, y: -1.7729036}
      - {x: 2.2198365, y: -1.4940088}
      - {x: 2.1851728, y: -1.2740974}
      - {x: 2.0369601, y: -0.99052846}
      - {x: 0.22876877, y: -0.19635487}
      - {x: -0.57268846, y: 0.9432007}
      - {x: -0.72650856, y: 1.6084207}
      - {x: -1.2798859, y: 1.8766571}
      - {x: -2.0991645, y: 2.2259274}
      - {x: -1.8249999, y: 1.63}
      - {x: -1.2596889, y: 1.4627895}
      - {x: -1.0176704, y: 1.2471611}
      - {x: -1.8349999, y: 1.26}
      - {x: -1.925, y: 1.13}
      - {x: -2.085, y: 0.51}
      - {x: -2.085, y: -2.02}
      - {x: -1.995, y: -2.11}
      - {x: -1.755, y: -2.11}
      - {x: -1.685, y: -2}
      - {x: -1.6949999, y: -1.8499999}
      - {x: 0.375, y: -1.8499999}
--- !u!1 &1951332914745081779
GameObject:
  m_ObjectHideFlags: 0
  m_CorrespondingSourceObject: {fileID: 0}
  m_PrefabInstance: {fileID: 0}
  m_PrefabAsset: {fileID: 0}
  serializedVersion: 6
  m_Component:
  - component: {fileID: 358130022719468395}
  - component: {fileID: 902005238634345272}
  - component: {fileID: 883732077738347692}
  - component: {fileID: 5952967497696303038}
  m_Layer: 0
  m_Name: LimitDriveLeft
  m_TagString: blurScale
  m_Icon: {fileID: 0}
  m_NavMeshLayer: 0
  m_StaticEditorFlags: 0
  m_IsActive: 1
--- !u!4 &358130022719468395
Transform:
  m_ObjectHideFlags: 0
  m_CorrespondingSourceObject: {fileID: 0}
  m_PrefabInstance: {fileID: 0}
  m_PrefabAsset: {fileID: 0}
  m_GameObject: {fileID: 1951332914745081779}
  m_LocalRotation: {x: 0, y: 0, z: 0, w: 1}
  m_LocalPosition: {x: -4.11, y: -4.14, z: 0}
  m_LocalScale: {x: 1.1591, y: 1.1591, z: 1.1591}
  m_ConstrainProportionsScale: 0
  m_Children: []
  m_Father: {fileID: 6326109964194533646}
  m_RootOrder: 0
  m_LocalEulerAnglesHint: {x: 0, y: 0, z: 0}
--- !u!212 &902005238634345272
SpriteRenderer:
  m_ObjectHideFlags: 0
  m_CorrespondingSourceObject: {fileID: 0}
  m_PrefabInstance: {fileID: 0}
  m_PrefabAsset: {fileID: 0}
  m_GameObject: {fileID: 1951332914745081779}
  m_Enabled: 1
  m_CastShadows: 0
  m_ReceiveShadows: 0
  m_DynamicOccludee: 1
  m_StaticShadowCaster: 0
  m_MotionVectors: 1
  m_LightProbeUsage: 1
  m_ReflectionProbeUsage: 1
  m_RayTracingMode: 0
  m_RayTraceProcedural: 0
  m_RenderingLayerMask: 1
  m_RendererPriority: 0
  m_Materials:
  - {fileID: 10754, guid: 0000000000000000f000000000000000, type: 0}
  m_StaticBatchInfo:
    firstSubMesh: 0
    subMeshCount: 0
  m_StaticBatchRoot: {fileID: 0}
  m_ProbeAnchor: {fileID: 0}
  m_LightProbeVolumeOverride: {fileID: 0}
  m_ScaleInLightmap: 1
  m_ReceiveGI: 1
  m_PreserveUVs: 0
  m_IgnoreNormalsForChartDetection: 0
  m_ImportantGI: 0
  m_StitchLightmapSeams: 1
  m_SelectedEditorRenderState: 0
  m_MinimumChartSize: 4
  m_AutoUVMaxDistance: 0.5
  m_AutoUVMaxAngle: 89
  m_LightmapParameters: {fileID: 0}
  m_SortingLayerID: 0
  m_SortingLayer: 0
  m_SortingOrder: 2
  m_Sprite: {fileID: 21300000, guid: 6c9f6b1da9451524b8106fb50526efb2, type: 3}
  m_Color: {r: 1, g: 1, b: 1, a: 1}
  m_FlipX: 0
  m_FlipY: 0
  m_DrawMode: 0
  m_Size: {x: 3.85, y: 2.57}
  m_AdaptiveModeThreshold: 0.5
  m_SpriteTileMode: 0
  m_WasSpriteAssigned: 1
  m_MaskInteraction: 0
  m_SpriteSortPoint: 0
--- !u!60 &883732077738347692
PolygonCollider2D:
  m_ObjectHideFlags: 0
  m_CorrespondingSourceObject: {fileID: 0}
  m_PrefabInstance: {fileID: 0}
  m_PrefabAsset: {fileID: 0}
  m_GameObject: {fileID: 1951332914745081779}
  m_Enabled: 1
  m_Density: 1
  m_Material: {fileID: 0}
  m_IsTrigger: 0
  m_UsedByEffector: 0
  m_UsedByComposite: 0
  m_Offset: {x: 0, y: 0}
  m_SpriteTilingProperty:
    border: {x: 0, y: 0, z: 0, w: 0}
    pivot: {x: 0.5, y: 0.5}
    oldSize: {x: 3.85, y: 2.57}
    newSize: {x: 3.85, y: 2.57}
    adaptiveTilingThreshold: 0.5
    drawMode: 0
    adaptiveTiling: 0
  m_AutoTiling: 0
  m_Points:
    m_Paths:
    - - {x: 1.895, y: -0.895}
      - {x: 1.8249999, y: -0.85499996}
      - {x: 1.635, y: -0.745}
      - {x: 1.395, y: -0.60499996}
      - {x: 1.115, y: -0.445}
      - {x: 0.875, y: -0.305}
      - {x: 0.78499997, y: -0.255}
      - {x: 0.565, y: -0.125}
      - {x: 0.375, y: -0.015}
      - {x: 0.21499999, y: 0.074999996}
      - {x: -0.145, y: 0.285}
      - {x: -0.235, y: 0.33499998}
      - {x: -0.525, y: 0.505}
      - {x: -0.875, y: 0.705}
      - {x: -1.045, y: 0.805}
      - {x: -1.135, y: 0.85499996}
      - {x: -1.255, y: 0.92499995}
      - {x: -1.4449999, y: 1.035}
      - {x: -1.655, y: 1.155}
      - {x: -1.8249999, y: 1.255}
      - {x: -1.885, y: 1.285}
      - {x: -1.925, y: 1.285}
      - {x: -1.925, y: 0.79499996}
      - {x: -1.8549999, y: 0.745}
      - {x: -1.765, y: 0.695}
      - {x: -1.475, y: 0.525}
      - {x: -1.385, y: 0.475}
      - {x: -1.2149999, y: 0.375}
      - {x: -1.145, y: 0.33499998}
      - {x: -0.835, y: 0.155}
      - {x: -0.745, y: 0.105}
      - {x: -0.45499998, y: -0.065}
      - {x: -0.125, y: -0.255}
      - {x: 0.155, y: -0.415}
      - {x: 0.325, y: -0.505}
      - {x: 0.39499998, y: -0.555}
      - {x: 0.585, y: -0.66499996}
      - {x: 0.675, y: -0.715}
      - {x: 0.965, y: -0.885}
      - {x: 1.225, y: -1.035}
      - {x: 1.555, y: -1.225}
      - {x: 1.665, y: -1.285}
      - {x: 1.765, y: -1.285}
      - {x: 1.785, y: -1.275}
      - {x: 1.925, y: -1.025}
      - {x: 1.925, y: -0.935}
--- !u!50 &5952967497696303038
Rigidbody2D:
  serializedVersion: 4
  m_ObjectHideFlags: 0
  m_CorrespondingSourceObject: {fileID: 0}
  m_PrefabInstance: {fileID: 0}
  m_PrefabAsset: {fileID: 0}
  m_GameObject: {fileID: 1951332914745081779}
  m_BodyType: 0
  m_Simulated: 1
  m_UseFullKinematicContacts: 0
  m_UseAutoMass: 0
  m_Mass: 1
  m_LinearDrag: 0
  m_AngularDrag: 0.05
  m_GravityScale: 0
  m_Material: {fileID: 0}
  m_Interpolate: 0
  m_SleepingMode: 1
  m_CollisionDetection: 0
  m_Constraints: 7
--- !u!1 &3665288995405218096
GameObject:
  m_ObjectHideFlags: 0
  m_CorrespondingSourceObject: {fileID: 0}
  m_PrefabInstance: {fileID: 0}
  m_PrefabAsset: {fileID: 0}
  serializedVersion: 6
  m_Component:
  - component: {fileID: 4711820874272825387}
  - component: {fileID: 3425132832052973481}
  - component: {fileID: 4375177659896869731}
  - component: {fileID: 5522189855568390800}
  m_Layer: 0
  m_Name: LimitDriveRight
  m_TagString: blurScale
  m_Icon: {fileID: 0}
  m_NavMeshLayer: 0
  m_StaticEditorFlags: 0
  m_IsActive: 1
--- !u!4 &4711820874272825387
Transform:
  m_ObjectHideFlags: 0
  m_CorrespondingSourceObject: {fileID: 0}
  m_PrefabInstance: {fileID: 0}
  m_PrefabAsset: {fileID: 0}
  m_GameObject: {fileID: 3665288995405218096}
  m_LocalRotation: {x: 0, y: 1, z: 0, w: 0}
  m_LocalPosition: {x: 4.2, y: -4.26, z: 0}
  m_LocalScale: {x: 1.1591, y: 1.1591, z: 1.1591}
  m_ConstrainProportionsScale: 0
  m_Children: []
  m_Father: {fileID: 6326109964194533646}
  m_RootOrder: 1
  m_LocalEulerAnglesHint: {x: 0, y: 180, z: 0}
--- !u!212 &3425132832052973481
SpriteRenderer:
  m_ObjectHideFlags: 0
  m_CorrespondingSourceObject: {fileID: 0}
  m_PrefabInstance: {fileID: 0}
  m_PrefabAsset: {fileID: 0}
  m_GameObject: {fileID: 3665288995405218096}
  m_Enabled: 1
  m_CastShadows: 0
  m_ReceiveShadows: 0
  m_DynamicOccludee: 1
  m_StaticShadowCaster: 0
  m_MotionVectors: 1
  m_LightProbeUsage: 1
  m_ReflectionProbeUsage: 1
  m_RayTracingMode: 0
  m_RayTraceProcedural: 0
  m_RenderingLayerMask: 1
  m_RendererPriority: 0
  m_Materials:
  - {fileID: 10754, guid: 0000000000000000f000000000000000, type: 0}
  m_StaticBatchInfo:
    firstSubMesh: 0
    subMeshCount: 0
  m_StaticBatchRoot: {fileID: 0}
  m_ProbeAnchor: {fileID: 0}
  m_LightProbeVolumeOverride: {fileID: 0}
  m_ScaleInLightmap: 1
  m_ReceiveGI: 1
  m_PreserveUVs: 0
  m_IgnoreNormalsForChartDetection: 0
  m_ImportantGI: 0
  m_StitchLightmapSeams: 1
  m_SelectedEditorRenderState: 0
  m_MinimumChartSize: 4
  m_AutoUVMaxDistance: 0.5
  m_AutoUVMaxAngle: 89
  m_LightmapParameters: {fileID: 0}
  m_SortingLayerID: 0
  m_SortingLayer: 0
  m_SortingOrder: 2
  m_Sprite: {fileID: 21300000, guid: 6c9f6b1da9451524b8106fb50526efb2, type: 3}
  m_Color: {r: 1, g: 1, b: 1, a: 1}
  m_FlipX: 0
  m_FlipY: 0
  m_DrawMode: 0
  m_Size: {x: 3.85, y: 2.57}
  m_AdaptiveModeThreshold: 0.5
  m_SpriteTileMode: 0
  m_WasSpriteAssigned: 1
  m_MaskInteraction: 0
  m_SpriteSortPoint: 0
--- !u!60 &4375177659896869731
PolygonCollider2D:
  m_ObjectHideFlags: 0
  m_CorrespondingSourceObject: {fileID: 0}
  m_PrefabInstance: {fileID: 0}
  m_PrefabAsset: {fileID: 0}
  m_GameObject: {fileID: 3665288995405218096}
  m_Enabled: 1
  m_Density: 1
  m_Material: {fileID: 0}
  m_IsTrigger: 0
  m_UsedByEffector: 0
  m_UsedByComposite: 0
  m_Offset: {x: 0, y: 0}
  m_SpriteTilingProperty:
    border: {x: 0, y: 0, z: 0, w: 0}
    pivot: {x: 0.5, y: 0.5}
    oldSize: {x: 3.85, y: 2.57}
    newSize: {x: 3.85, y: 2.57}
    adaptiveTilingThreshold: 0.5
    drawMode: 0
    adaptiveTiling: 0
  m_AutoTiling: 0
  m_Points:
    m_Paths:
    - - {x: 1.895, y: -0.895}
      - {x: 1.8249999, y: -0.85499996}
      - {x: 1.635, y: -0.745}
      - {x: 1.395, y: -0.60499996}
      - {x: 1.115, y: -0.445}
      - {x: 0.875, y: -0.305}
      - {x: 0.78499997, y: -0.255}
      - {x: 0.565, y: -0.125}
      - {x: 0.375, y: -0.015}
      - {x: 0.21499999, y: 0.074999996}
      - {x: -0.145, y: 0.285}
      - {x: -0.235, y: 0.33499998}
      - {x: -0.525, y: 0.505}
      - {x: -0.875, y: 0.705}
      - {x: -1.045, y: 0.805}
      - {x: -1.135, y: 0.85499996}
      - {x: -1.255, y: 0.92499995}
      - {x: -1.4449999, y: 1.035}
      - {x: -1.655, y: 1.155}
      - {x: -1.8249999, y: 1.255}
      - {x: -1.885, y: 1.285}
      - {x: -1.925, y: 1.285}
      - {x: -1.925, y: 0.79499996}
      - {x: -1.8549999, y: 0.745}
      - {x: -1.765, y: 0.695}
      - {x: -1.475, y: 0.525}
      - {x: -1.385, y: 0.475}
      - {x: -1.2149999, y: 0.375}
      - {x: -1.145, y: 0.33499998}
      - {x: -0.835, y: 0.155}
      - {x: -0.745, y: 0.105}
      - {x: -0.45499998, y: -0.065}
      - {x: -0.125, y: -0.255}
      - {x: 0.155, y: -0.415}
      - {x: 0.325, y: -0.505}
      - {x: 0.39499998, y: -0.555}
      - {x: 0.585, y: -0.66499996}
      - {x: 0.675, y: -0.715}
      - {x: 0.965, y: -0.885}
      - {x: 1.225, y: -1.035}
      - {x: 1.555, y: -1.225}
      - {x: 1.665, y: -1.285}
      - {x: 1.765, y: -1.285}
      - {x: 1.785, y: -1.275}
      - {x: 1.925, y: -1.025}
      - {x: 1.925, y: -0.935}
--- !u!50 &5522189855568390800
Rigidbody2D:
  serializedVersion: 4
  m_ObjectHideFlags: 0
  m_CorrespondingSourceObject: {fileID: 0}
  m_PrefabInstance: {fileID: 0}
  m_PrefabAsset: {fileID: 0}
  m_GameObject: {fileID: 3665288995405218096}
  m_BodyType: 0
  m_Simulated: 1
  m_UseFullKinematicContacts: 0
  m_UseAutoMass: 0
  m_Mass: 1
  m_LinearDrag: 0
  m_AngularDrag: 0.05
  m_GravityScale: 0
  m_Material: {fileID: 0}
  m_Interpolate: 0
  m_SleepingMode: 1
  m_CollisionDetection: 0
  m_Constraints: 7
--- !u!1 &6350452675873820715
GameObject:
  m_ObjectHideFlags: 0
  m_CorrespondingSourceObject: {fileID: 0}
  m_PrefabInstance: {fileID: 0}
  m_PrefabAsset: {fileID: 0}
  serializedVersion: 6
  m_Component:
  - component: {fileID: 6326109964194533646}
  m_Layer: 0
  m_Name: LimitDrive
  m_TagString: Untagged
  m_Icon: {fileID: 0}
  m_NavMeshLayer: 0
  m_StaticEditorFlags: 0
  m_IsActive: 1
--- !u!4 &6326109964194533646
Transform:
  m_ObjectHideFlags: 0
  m_CorrespondingSourceObject: {fileID: 0}
  m_PrefabInstance: {fileID: 0}
  m_PrefabAsset: {fileID: 0}
  m_GameObject: {fileID: 6350452675873820715}
  m_LocalRotation: {x: -0, y: -0, z: -0, w: 1}
  m_LocalPosition: {x: -0.09, y: 9.19, z: 0}
  m_LocalScale: {x: 1, y: 1.25, z: 1.25}
  m_ConstrainProportionsScale: 0
  m_Children:
  - {fileID: 358130022719468395}
  - {fileID: 4711820874272825387}
  - {fileID: 678710457313036231}
  - {fileID: 5734264512544095558}
  m_Father: {fileID: 1972023447957673165}
  m_RootOrder: 0
  m_LocalEulerAnglesHint: {x: 0, y: 0, z: 0}
--- !u!1 &7231858947073697352
GameObject:
  m_ObjectHideFlags: 0
  m_CorrespondingSourceObject: {fileID: 0}
  m_PrefabInstance: {fileID: 0}
  m_PrefabAsset: {fileID: 0}
  serializedVersion: 6
  m_Component:
  - component: {fileID: 5734264512544095558}
  - component: {fileID: 6325219332078575982}
  - component: {fileID: 4042435018939284723}
  - component: {fileID: 675414142603570305}
  - component: {fileID: 8839871427707219384}
  m_Layer: 0
  m_Name: LimitBlur
  m_TagString: blurScale
  m_Icon: {fileID: 0}
  m_NavMeshLayer: 0
  m_StaticEditorFlags: 0
  m_IsActive: 0
--- !u!4 &5734264512544095558
Transform:
  m_ObjectHideFlags: 0
  m_CorrespondingSourceObject: {fileID: 0}
  m_PrefabInstance: {fileID: 0}
  m_PrefabAsset: {fileID: 0}
  m_GameObject: {fileID: 7231858947073697352}
  m_LocalRotation: {x: 0, y: 0, z: 0, w: 1}
  m_LocalPosition: {x: 0, y: -3.26, z: 0}
  m_LocalScale: {x: 1, y: 0.1195, z: 1}
  m_ConstrainProportionsScale: 0
  m_Children: []
  m_Father: {fileID: 6326109964194533646}
  m_RootOrder: 3
  m_LocalEulerAnglesHint: {x: 0, y: 0, z: 0}
--- !u!212 &6325219332078575982
SpriteRenderer:
  m_ObjectHideFlags: 0
  m_CorrespondingSourceObject: {fileID: 0}
  m_PrefabInstance: {fileID: 0}
  m_PrefabAsset: {fileID: 0}
  m_GameObject: {fileID: 7231858947073697352}
  m_Enabled: 1
  m_CastShadows: 0
  m_ReceiveShadows: 0
  m_DynamicOccludee: 1
  m_StaticShadowCaster: 0
  m_MotionVectors: 1
  m_LightProbeUsage: 1
  m_ReflectionProbeUsage: 1
  m_RayTracingMode: 0
  m_RayTraceProcedural: 0
  m_RenderingLayerMask: 1
  m_RendererPriority: 0
  m_Materials:
  - {fileID: 10754, guid: 0000000000000000f000000000000000, type: 0}
  m_StaticBatchInfo:
    firstSubMesh: 0
    subMeshCount: 0
  m_StaticBatchRoot: {fileID: 0}
  m_ProbeAnchor: {fileID: 0}
  m_LightProbeVolumeOverride: {fileID: 0}
  m_ScaleInLightmap: 1
  m_ReceiveGI: 1
  m_PreserveUVs: 0
  m_IgnoreNormalsForChartDetection: 0
  m_ImportantGI: 0
  m_StitchLightmapSeams: 1
  m_SelectedEditorRenderState: 0
  m_MinimumChartSize: 4
  m_AutoUVMaxDistance: 0.5
  m_AutoUVMaxAngle: 89
  m_LightmapParameters: {fileID: 0}
  m_SortingLayerID: 0
  m_SortingLayer: 0
  m_SortingOrder: 0
  m_Sprite: {fileID: 21300000, guid: b5c796667e1d6fd43a2f939483155d0d, type: 3}
  m_Color: {r: 1, g: 1, b: 1, a: 1}
  m_FlipX: 0
  m_FlipY: 0
  m_DrawMode: 0
  m_Size: {x: 15.89, y: 2.12}
  m_AdaptiveModeThreshold: 0.5
  m_SpriteTileMode: 0
  m_WasSpriteAssigned: 1
  m_MaskInteraction: 0
  m_SpriteSortPoint: 0
--- !u!50 &4042435018939284723
Rigidbody2D:
  serializedVersion: 4
  m_ObjectHideFlags: 0
  m_CorrespondingSourceObject: {fileID: 0}
  m_PrefabInstance: {fileID: 0}
  m_PrefabAsset: {fileID: 0}
  m_GameObject: {fileID: 7231858947073697352}
  m_BodyType: 0
  m_Simulated: 1
  m_UseFullKinematicContacts: 0
  m_UseAutoMass: 0
  m_Mass: 1
  m_LinearDrag: 0
  m_AngularDrag: 0.05
  m_GravityScale: 0
  m_Material: {fileID: 0}
  m_Interpolate: 0
  m_SleepingMode: 1
  m_CollisionDetection: 0
  m_Constraints: 0
--- !u!61 &675414142603570305
BoxCollider2D:
  m_ObjectHideFlags: 0
  m_CorrespondingSourceObject: {fileID: 0}
  m_PrefabInstance: {fileID: 0}
  m_PrefabAsset: {fileID: 0}
  m_GameObject: {fileID: 7231858947073697352}
  m_Enabled: 1
  m_Density: 1
  m_Material: {fileID: 0}
  m_IsTrigger: 1
  m_UsedByEffector: 0
  m_UsedByComposite: 0
  m_Offset: {x: 0, y: 0}
  m_SpriteTilingProperty:
    border: {x: 0, y: 0, z: 0, w: 0}
    pivot: {x: 0.5, y: 0.5}
    oldSize: {x: 14.73, y: 2.11}
    newSize: {x: 15.89, y: 2.12}
    adaptiveTilingThreshold: 0.5
    drawMode: 0
    adaptiveTiling: 0
  m_AutoTiling: 0
  serializedVersion: 2
  m_Size: {x: 15.89, y: 2.12}
  m_EdgeRadius: 0
--- !u!114 &8839871427707219384
MonoBehaviour:
  m_ObjectHideFlags: 0
  m_CorrespondingSourceObject: {fileID: 0}
  m_PrefabInstance: {fileID: 0}
  m_PrefabAsset: {fileID: 0}
  m_GameObject: {fileID: 7231858947073697352}
  m_Enabled: 1
  m_EditorHideFlags: 0
  m_Script: {fileID: 11500000, guid: fa2e2024350558a44a2ae119d61edfbc, type: 3}
  m_Name: 
  m_EditorClassIdentifier: 
  image: {fileID: 6325219332078575982}
--- !u!1 &8167599992341555720
GameObject:
  m_ObjectHideFlags: 0
  m_CorrespondingSourceObject: {fileID: 0}
  m_PrefabInstance: {fileID: 0}
  m_PrefabAsset: {fileID: 0}
  serializedVersion: 6
  m_Component:
  - component: {fileID: 678710457313036231}
  - component: {fileID: 1817925377620375674}
  - component: {fileID: 1325598431569423326}
  m_Layer: 0
  m_Name: LimitDriveBottom
  m_TagString: blurScale
  m_Icon: {fileID: 0}
  m_NavMeshLayer: 0
  m_StaticEditorFlags: 0
  m_IsActive: 1
--- !u!4 &678710457313036231
Transform:
  m_ObjectHideFlags: 0
  m_CorrespondingSourceObject: {fileID: 0}
  m_PrefabInstance: {fileID: 0}
  m_PrefabAsset: {fileID: 0}
  m_GameObject: {fileID: 8167599992341555720}
  m_LocalRotation: {x: 0, y: 1, z: 0, w: 0}
  m_LocalPosition: {x: 4.01, y: -8.69, z: 0}
  m_LocalScale: {x: 1.1591, y: 0.72443753, z: 1.1591}
  m_ConstrainProportionsScale: 0
  m_Children: []
  m_Father: {fileID: 6326109964194533646}
  m_RootOrder: 2
  m_LocalEulerAnglesHint: {x: 0, y: 180, z: 0}
--- !u!212 &1817925377620375674
SpriteRenderer:
  m_ObjectHideFlags: 0
  m_CorrespondingSourceObject: {fileID: 0}
  m_PrefabInstance: {fileID: 0}
  m_PrefabAsset: {fileID: 0}
  m_GameObject: {fileID: 8167599992341555720}
  m_Enabled: 1
  m_CastShadows: 0
  m_ReceiveShadows: 0
  m_DynamicOccludee: 1
  m_StaticShadowCaster: 0
  m_MotionVectors: 1
  m_LightProbeUsage: 1
  m_ReflectionProbeUsage: 1
  m_RayTracingMode: 0
  m_RayTraceProcedural: 0
  m_RenderingLayerMask: 1
  m_RendererPriority: 0
  m_Materials:
  - {fileID: 10754, guid: 0000000000000000f000000000000000, type: 0}
  m_StaticBatchInfo:
    firstSubMesh: 0
    subMeshCount: 0
  m_StaticBatchRoot: {fileID: 0}
  m_ProbeAnchor: {fileID: 0}
  m_LightProbeVolumeOverride: {fileID: 0}
  m_ScaleInLightmap: 1
  m_ReceiveGI: 1
  m_PreserveUVs: 0
  m_IgnoreNormalsForChartDetection: 0
  m_ImportantGI: 0
  m_StitchLightmapSeams: 1
  m_SelectedEditorRenderState: 0
  m_MinimumChartSize: 4
  m_AutoUVMaxDistance: 0.5
  m_AutoUVMaxAngle: 89
  m_LightmapParameters: {fileID: 0}
  m_SortingLayerID: 0
  m_SortingLayer: 0
  m_SortingOrder: 2
  m_Sprite: {fileID: 21300000, guid: 8f3bd6d331912d74bb8c76f207f72ef4, type: 3}
  m_Color: {r: 1, g: 1, b: 1, a: 1}
  m_FlipX: 0
  m_FlipY: 0
  m_DrawMode: 0
  m_Size: {x: 3.85, y: 2.57}
  m_AdaptiveModeThreshold: 0.5
  m_SpriteTileMode: 0
  m_WasSpriteAssigned: 1
  m_MaskInteraction: 0
  m_SpriteSortPoint: 0
--- !u!50 &1325598431569423326
Rigidbody2D:
  serializedVersion: 4
  m_ObjectHideFlags: 0
  m_CorrespondingSourceObject: {fileID: 0}
  m_PrefabInstance: {fileID: 0}
  m_PrefabAsset: {fileID: 0}
  m_GameObject: {fileID: 8167599992341555720}
  m_BodyType: 0
  m_Simulated: 1
  m_UseFullKinematicContacts: 0
  m_UseAutoMass: 0
  m_Mass: 1
  m_LinearDrag: 0
  m_AngularDrag: 0.05
  m_GravityScale: 0
  m_Material: {fileID: 0}
  m_Interpolate: 0
  m_SleepingMode: 1
  m_CollisionDetection: 0
  m_Constraints: 7
