%YAML 1.1
%TAG !u! tag:unity3d.com,2011:
--- !u!1 &699258731508998354
GameObject:
  m_ObjectHideFlags: 0
  m_CorrespondingSourceObject: {fileID: 0}
  m_PrefabInstance: {fileID: 0}
  m_PrefabAsset: {fileID: 0}
  serializedVersion: 6
  m_Component:
  - component: {fileID: 320972171839620464}
  - component: {fileID: 5743706639096712375}
  - component: {fileID: 2480083154671208295}
  - component: {fileID: 7827735770539391141}
  - component: {fileID: 8642946658194414851}
  m_Layer: 0
  m_Name: Magic_hat
  m_TagString: Untagged
  m_Icon: {fileID: 0}
  m_NavMeshLayer: 0
  m_StaticEditorFlags: 0
  m_IsActive: 1
--- !u!4 &320972171839620464
Transform:
  m_ObjectHideFlags: 0
  m_CorrespondingSourceObject: {fileID: 0}
  m_PrefabInstance: {fileID: 0}
  m_PrefabAsset: {fileID: 0}
  m_GameObject: {fileID: 699258731508998354}
  m_LocalRotation: {x: 0, y: 0, z: 0, w: 1}
  m_LocalPosition: {x: 0, y: -7.62, z: 0}
  m_LocalScale: {x: 0.7, y: 0.7, z: 0.7}
  m_ConstrainProportionsScale: 1
  m_Children:
  - {fileID: 2413715734013672280}
  m_Father: {fileID: 0}
  m_RootOrder: 0
  m_LocalEulerAnglesHint: {x: 0, y: 0, z: 0}
--- !u!212 &5743706639096712375
SpriteRenderer:
  m_ObjectHideFlags: 0
  m_CorrespondingSourceObject: {fileID: 0}
  m_PrefabInstance: {fileID: 0}
  m_PrefabAsset: {fileID: 0}
  m_GameObject: {fileID: 699258731508998354}
  m_Enabled: 1
  m_CastShadows: 0
  m_ReceiveShadows: 0
  m_DynamicOccludee: 1
  m_StaticShadowCaster: 0
  m_MotionVectors: 1
  m_LightProbeUsage: 1
  m_ReflectionProbeUsage: 1
  m_RayTracingMode: 0
  m_RayTraceProcedural: 0
  m_RenderingLayerMask: 1
  m_RendererPriority: 0
  m_Materials:
  - {fileID: 10754, guid: 0000000000000000f000000000000000, type: 0}
  m_StaticBatchInfo:
    firstSubMesh: 0
    subMeshCount: 0
  m_StaticBatchRoot: {fileID: 0}
  m_ProbeAnchor: {fileID: 0}
  m_LightProbeVolumeOverride: {fileID: 0}
  m_ScaleInLightmap: 1
  m_ReceiveGI: 1
  m_PreserveUVs: 0
  m_IgnoreNormalsForChartDetection: 0
  m_ImportantGI: 0
  m_StitchLightmapSeams: 1
  m_SelectedEditorRenderState: 0
  m_MinimumChartSize: 4
  m_AutoUVMaxDistance: 0.5
  m_AutoUVMaxAngle: 89
  m_LightmapParameters: {fileID: 0}
  m_SortingLayerID: 0
  m_SortingLayer: 0
  m_SortingOrder: 0
  m_Sprite: {fileID: 21300000, guid: 13dda06afa4ac124ab6428302885d35a, type: 3}
  m_Color: {r: 1, g: 1, b: 1, a: 1}
  m_FlipX: 0
  m_FlipY: 0
  m_DrawMode: 0
  m_Size: {x: 3.71, y: 3.91}
  m_AdaptiveModeThreshold: 0.5
  m_SpriteTileMode: 0
  m_WasSpriteAssigned: 1
  m_MaskInteraction: 0
  m_SpriteSortPoint: 0
--- !u!50 &2480083154671208295
Rigidbody2D:
  serializedVersion: 4
  m_ObjectHideFlags: 0
  m_CorrespondingSourceObject: {fileID: 0}
  m_PrefabInstance: {fileID: 0}
  m_PrefabAsset: {fileID: 0}
  m_GameObject: {fileID: 699258731508998354}
  m_BodyType: 0
  m_Simulated: 1
  m_UseFullKinematicContacts: 0
  m_UseAutoMass: 0
  m_Mass: 1
  m_LinearDrag: 0
  m_AngularDrag: 0.05
  m_GravityScale: 0
  m_Material: {fileID: 0}
  m_Interpolate: 0
  m_SleepingMode: 1
  m_CollisionDetection: 0
  m_Constraints: 7
--- !u!114 &7827735770539391141
MonoBehaviour:
  m_ObjectHideFlags: 0
  m_CorrespondingSourceObject: {fileID: 0}
  m_PrefabInstance: {fileID: 0}
  m_PrefabAsset: {fileID: 0}
  m_GameObject: {fileID: 699258731508998354}
  m_Enabled: 1
  m_EditorHideFlags: 0
  m_Script: {fileID: 11500000, guid: 88d336004f6e27c40b3234b0720eea4e, type: 3}
  m_Name: 
  m_EditorClassIdentifier: 
  idCup: 3012
--- !u!60 &8642946658194414851
PolygonCollider2D:
  m_ObjectHideFlags: 0
  m_CorrespondingSourceObject: {fileID: 0}
  m_PrefabInstance: {fileID: 0}
  m_PrefabAsset: {fileID: 0}
  m_GameObject: {fileID: 699258731508998354}
  m_Enabled: 1
  m_Density: 1
  m_Material: {fileID: 0}
  m_IsTrigger: 0
  m_UsedByEffector: 0
  m_UsedByComposite: 0
  m_Offset: {x: 0, y: 0}
  m_SpriteTilingProperty:
    border: {x: 0, y: 0, z: 0, w: 0}
    pivot: {x: 0.5, y: 0.5}
    oldSize: {x: 5.46, y: 4.98}
    newSize: {x: 3.71, y: 3.91}
    adaptiveTilingThreshold: 0.5
    drawMode: 0
    adaptiveTiling: 0
  m_AutoTiling: 0
  m_Points:
    m_Paths:
    - - {x: 1.25, y: -2.28}
      - {x: 1.4499999, y: -2.18}
      - {x: 1.54, y: -2.12}
      - {x: 1.7099999, y: -1.9599999}
      - {x: 1.75, y: -1.9}
      - {x: 1.8, y: -1.81}
      - {x: 1.8199999, y: -1.74}
      - {x: 1.81, y: -1.53}
      - {x: 1.79, y: -1.51}
      - {x: 1.6899999, y: -1.01}
      - {x: 1.68, y: -0.95}
      - {x: 1.67, y: -0.88}
      - {x: 1.64, y: -0.59999996}
      - {x: 1.63, y: -0.45999998}
      - {x: 1.62, y: -0.45}
      - {x: 1.62, y: 0.14}
      - {x: 1.63, y: 0.14999999}
      - {x: 1.65, y: 0.39}
      - {x: 1.67, y: 0.53999996}
      - {x: 1.6999999, y: 0.62}
      - {x: 1.9799999, y: 0.62}
      - {x: 2.12, y: 0.65}
      - {x: 2.29, y: 0.69}
      - {x: 2.4199998, y: 0.74}
      - {x: 2.56, y: 0.82}
      - {x: 2.6599998, y: 0.91999996}
      - {x: 2.72, y: 1.01}
      - {x: 2.73, y: 1.06}
      - {x: 2.73, y: 1.37}
      - {x: 2.71, y: 1.43}
      - {x: 2.6599998, y: 1.53}
      - {x: 2.6, y: 1.62}
      - {x: 2.4199998, y: 1.81}
      - {x: 2.3, y: 1.9}
      - {x: 2.548576, y: 2.4736094}
      - {x: 1.8891392, y: 1.966324}
      - {x: 1.7033113, y: 1.6622851}
      - {x: 1.6457616, y: 1.4178138}
      - {x: 1.377351, y: 1.2529134}
      - {x: 1.1352649, y: 1.13255}
      - {x: 0.8390728, y: 1.0496687}
      - {x: 0.49009952, y: 1.0021852}
      - {x: 0.14513266, y: 0.9800991}
      - {x: -0.16860902, y: 0.9696678}
      - {x: -0.57609236, y: 0.99254906}
      - {x: -0.8630446, y: 1.050561}
      - {x: -1.3381249, y: 1.2041504}
      - {x: -1.6879681, y: 1.5377146}
      - {x: -1.7147194, y: 1.7604055}
      - {x: -2.3036036, y: 2.5780225}
      - {x: -2.6, y: 1.5999999}
      - {x: -2.6799998, y: 1.49}
      - {x: -2.72, y: 1.39}
      - {x: -2.73, y: 1.37}
      - {x: -2.73, y: 1.04}
      - {x: -2.6699998, y: 0.95}
      - {x: -2.56, y: 0.84}
      - {x: -2.37, y: 0.72999996}
      - {x: -2.25, y: 0.7}
      - {x: -2.06, y: 0.65999997}
      - {x: -1.89, y: 0.64}
      - {x: -1.73, y: 0.63}
      - {x: -1.66, y: 0.58}
      - {x: -1.65, y: 0.45}
      - {x: -1.62, y: 0.28}
      - {x: -1.61, y: 0.13}
      - {x: -1.5999999, y: 0.12}
      - {x: -1.5999999, y: -0.42999998}
      - {x: -1.61, y: -0.44}
      - {x: -1.65, y: -0.87}
      - {x: -1.68, y: -1.0699999}
      - {x: -1.74, y: -1.39}
      - {x: -1.79, y: -1.54}
      - {x: -1.8, y: -1.75}
      - {x: -1.76, y: -1.8499999}
      - {x: -1.6999999, y: -1.9499999}
      - {x: -1.54, y: -2.1}
      - {x: -1.48, y: -2.1499999}
      - {x: -1.23, y: -2.29}
      - {x: -1.05, y: -2.36}
      - {x: -0.87, y: -2.3999999}
      - {x: -0.64, y: -2.45}
      - {x: -0.35999998, y: -2.49}
      - {x: 0.39, y: -2.49}
      - {x: 0.66999996, y: -2.46}
      - {x: 1.01, y: -2.3799999}
--- !u!1 &2222702530337715282
GameObject:
  m_ObjectHideFlags: 0
  m_CorrespondingSourceObject: {fileID: 0}
  m_PrefabInstance: {fileID: 0}
  m_PrefabAsset: {fileID: 0}
  serializedVersion: 6
  m_Component:
  - component: {fileID: 8920438940832226255}
  - component: {fileID: 2260748433683049381}
  - component: {fileID: 1874050771948754969}
  - component: {fileID: 8969274570503408745}
  m_Layer: 0
  m_Name: LimitDriveRight
  m_TagString: blurScale
  m_Icon: {fileID: 0}
  m_NavMeshLayer: 0
  m_StaticEditorFlags: 0
  m_IsActive: 1
--- !u!4 &8920438940832226255
Transform:
  m_ObjectHideFlags: 0
  m_CorrespondingSourceObject: {fileID: 0}
  m_PrefabInstance: {fileID: 0}
  m_PrefabAsset: {fileID: 0}
  m_GameObject: {fileID: 2222702530337715282}
  m_LocalRotation: {x: 0, y: 1, z: 0, w: 0}
  m_LocalPosition: {x: 4.57, y: -4.86, z: 0}
  m_LocalScale: {x: 1.1239456, y: 1.1239456, z: 1.1239456}
  m_ConstrainProportionsScale: 1
  m_Children: []
  m_Father: {fileID: 2413715734013672280}
  m_RootOrder: 1
  m_LocalEulerAnglesHint: {x: 0, y: 180, z: 0}
--- !u!212 &2260748433683049381
SpriteRenderer:
  m_ObjectHideFlags: 0
  m_CorrespondingSourceObject: {fileID: 0}
  m_PrefabInstance: {fileID: 0}
  m_PrefabAsset: {fileID: 0}
  m_GameObject: {fileID: 2222702530337715282}
  m_Enabled: 1
  m_CastShadows: 0
  m_ReceiveShadows: 0
  m_DynamicOccludee: 1
  m_StaticShadowCaster: 0
  m_MotionVectors: 1
  m_LightProbeUsage: 1
  m_ReflectionProbeUsage: 1
  m_RayTracingMode: 0
  m_RayTraceProcedural: 0
  m_RenderingLayerMask: 1
  m_RendererPriority: 0
  m_Materials:
  - {fileID: 10754, guid: 0000000000000000f000000000000000, type: 0}
  m_StaticBatchInfo:
    firstSubMesh: 0
    subMeshCount: 0
  m_StaticBatchRoot: {fileID: 0}
  m_ProbeAnchor: {fileID: 0}
  m_LightProbeVolumeOverride: {fileID: 0}
  m_ScaleInLightmap: 1
  m_ReceiveGI: 1
  m_PreserveUVs: 0
  m_IgnoreNormalsForChartDetection: 0
  m_ImportantGI: 0
  m_StitchLightmapSeams: 1
  m_SelectedEditorRenderState: 0
  m_MinimumChartSize: 4
  m_AutoUVMaxDistance: 0.5
  m_AutoUVMaxAngle: 89
  m_LightmapParameters: {fileID: 0}
  m_SortingLayerID: 390911701
  m_SortingLayer: 5
  m_SortingOrder: 2
  m_Sprite: {fileID: 21300000, guid: e8ba52f2db8623b4e86bbbc4dcc2b1a6, type: 3}
  m_Color: {r: 1, g: 1, b: 1, a: 1}
  m_FlipX: 0
  m_FlipY: 0
  m_DrawMode: 0
  m_Size: {x: 3.85, y: 2.57}
  m_AdaptiveModeThreshold: 0.5
  m_SpriteTileMode: 0
  m_WasSpriteAssigned: 1
  m_MaskInteraction: 0
  m_SpriteSortPoint: 0
--- !u!50 &1874050771948754969
Rigidbody2D:
  serializedVersion: 4
  m_ObjectHideFlags: 0
  m_CorrespondingSourceObject: {fileID: 0}
  m_PrefabInstance: {fileID: 0}
  m_PrefabAsset: {fileID: 0}
  m_GameObject: {fileID: 2222702530337715282}
  m_BodyType: 0
  m_Simulated: 1
  m_UseFullKinematicContacts: 0
  m_UseAutoMass: 0
  m_Mass: 1
  m_LinearDrag: 0
  m_AngularDrag: 0.05
  m_GravityScale: 0
  m_Material: {fileID: 0}
  m_Interpolate: 0
  m_SleepingMode: 1
  m_CollisionDetection: 0
  m_Constraints: 7
--- !u!60 &8969274570503408745
PolygonCollider2D:
  m_ObjectHideFlags: 0
  m_CorrespondingSourceObject: {fileID: 0}
  m_PrefabInstance: {fileID: 0}
  m_PrefabAsset: {fileID: 0}
  m_GameObject: {fileID: 2222702530337715282}
  m_Enabled: 1
  m_Density: 1
  m_Material: {fileID: 0}
  m_IsTrigger: 0
  m_UsedByEffector: 0
  m_UsedByComposite: 0
  m_Offset: {x: 0, y: 0}
  m_SpriteTilingProperty:
    border: {x: 0, y: 0, z: 0, w: 0}
    pivot: {x: 0.5, y: 0.5}
    oldSize: {x: 3.98, y: 2.47}
    newSize: {x: 3.85, y: 2.57}
    adaptiveTilingThreshold: 0.5
    drawMode: 0
    adaptiveTiling: 0
  m_AutoTiling: 0
  m_Points:
    m_Paths:
    - - {x: 1.605, y: -0.97999996}
      - {x: 1.435, y: -0.95}
      - {x: 1.345, y: -0.85999995}
      - {x: 1.275, y: -0.83}
      - {x: 1.105, y: -0.71999997}
      - {x: 0.955, y: -0.59}
      - {x: 0.78499997, y: -0.56}
      - {x: 0.615, y: -0.28}
      - {x: 0.355, y: -0.22999999}
      - {x: 0.074999996, y: 0.06}
      - {x: -0.044999998, y: 0.11}
      - {x: -0.24499999, y: 0.11}
      - {x: -0.345, y: 0.34}
      - {x: -0.60499996, y: 0.5}
      - {x: -0.805, y: 0.51}
      - {x: -0.865, y: 0.7}
      - {x: -1.025, y: 0.9}
      - {x: -1.255, y: 0.96}
      - {x: -1.4449999, y: 0.95}
      - {x: -1.435, y: 1.0699999}
      - {x: -1.475, y: 1.2099999}
      - {x: -1.535, y: 1.35}
      - {x: -1.7049999, y: 1.52}
      - {x: -1.735, y: 1.53}
      - {x: -1.795, y: 1.53}
      - {x: -1.795, y: 0.22}
      - {x: -1.765, y: 0.13}
      - {x: -1.545, y: -0.06}
      - {x: -1.425, y: -0.08}
      - {x: -1.175, y: -0.07}
      - {x: -1.125, y: -0.19}
      - {x: -1.095, y: -0.22999999}
      - {x: -0.97499996, y: -0.35}
      - {x: -0.78499997, y: -0.42999998}
      - {x: -0.555, y: -0.42}
      - {x: -0.525, y: -0.5}
      - {x: -0.48499998, y: -0.56}
      - {x: -0.39499998, y: -0.65999997}
      - {x: -0.265, y: -0.74}
      - {x: -0.044999998, y: -0.74}
      - {x: 0.055, y: -0.85999995}
      - {x: 0.155, y: -0.95}
      - {x: 0.315, y: -1.03}
      - {x: 0.515, y: -1.02}
      - {x: 0.545, y: -1.11}
      - {x: 0.73499995, y: -1.25}
      - {x: 0.875, y: -1.24}
      - {x: 1.015, y: -1.35}
      - {x: 1.135, y: -1.41}
      - {x: 1.305, y: -1.41}
      - {x: 1.375, y: -1.51}
      - {x: 1.4549999, y: -1.53}
      - {x: 1.655, y: -1.53}
      - {x: 1.755, y: -1.4399999}
      - {x: 1.795, y: -1.4}
      - {x: 1.795, y: -1.09}
--- !u!1 &3607633365761597620
GameObject:
  m_ObjectHideFlags: 0
  m_CorrespondingSourceObject: {fileID: 0}
  m_PrefabInstance: {fileID: 0}
  m_PrefabAsset: {fileID: 0}
  serializedVersion: 6
  m_Component:
  - component: {fileID: 845696268777998520}
  - component: {fileID: 3304590208382522054}
  - component: {fileID: 6138124198042131066}
  - component: {fileID: 1481134834318550525}
  - component: {fileID: 8283506289481723195}
  m_Layer: 0
  m_Name: LimitBlur
  m_TagString: blurScale
  m_Icon: {fileID: 0}
  m_NavMeshLayer: 0
  m_StaticEditorFlags: 0
  m_IsActive: 0
--- !u!4 &845696268777998520
Transform:
  m_ObjectHideFlags: 0
  m_CorrespondingSourceObject: {fileID: 0}
  m_PrefabInstance: {fileID: 0}
  m_PrefabAsset: {fileID: 0}
  m_GameObject: {fileID: 3607633365761597620}
  m_LocalRotation: {x: 0, y: 0, z: 0, w: 1}
  m_LocalPosition: {x: 0, y: -3.26, z: 0}
  m_LocalScale: {x: 1, y: 0.1195, z: 1}
  m_ConstrainProportionsScale: 0
  m_Children: []
  m_Father: {fileID: 2413715734013672280}
  m_RootOrder: 2
  m_LocalEulerAnglesHint: {x: 0, y: 0, z: 0}
--- !u!212 &3304590208382522054
SpriteRenderer:
  m_ObjectHideFlags: 0
  m_CorrespondingSourceObject: {fileID: 0}
  m_PrefabInstance: {fileID: 0}
  m_PrefabAsset: {fileID: 0}
  m_GameObject: {fileID: 3607633365761597620}
  m_Enabled: 1
  m_CastShadows: 0
  m_ReceiveShadows: 0
  m_DynamicOccludee: 1
  m_StaticShadowCaster: 0
  m_MotionVectors: 1
  m_LightProbeUsage: 1
  m_ReflectionProbeUsage: 1
  m_RayTracingMode: 0
  m_RayTraceProcedural: 0
  m_RenderingLayerMask: 1
  m_RendererPriority: 0
  m_Materials:
  - {fileID: 10754, guid: 0000000000000000f000000000000000, type: 0}
  m_StaticBatchInfo:
    firstSubMesh: 0
    subMeshCount: 0
  m_StaticBatchRoot: {fileID: 0}
  m_ProbeAnchor: {fileID: 0}
  m_LightProbeVolumeOverride: {fileID: 0}
  m_ScaleInLightmap: 1
  m_ReceiveGI: 1
  m_PreserveUVs: 0
  m_IgnoreNormalsForChartDetection: 0
  m_ImportantGI: 0
  m_StitchLightmapSeams: 1
  m_SelectedEditorRenderState: 0
  m_MinimumChartSize: 4
  m_AutoUVMaxDistance: 0.5
  m_AutoUVMaxAngle: 89
  m_LightmapParameters: {fileID: 0}
  m_SortingLayerID: 0
  m_SortingLayer: 0
  m_SortingOrder: 0
  m_Sprite: {fileID: 21300000, guid: b5c796667e1d6fd43a2f939483155d0d, type: 3}
  m_Color: {r: 1, g: 1, b: 1, a: 1}
  m_FlipX: 0
  m_FlipY: 0
  m_DrawMode: 0
  m_Size: {x: 15.89, y: 2.12}
  m_AdaptiveModeThreshold: 0.5
  m_SpriteTileMode: 0
  m_WasSpriteAssigned: 1
  m_MaskInteraction: 0
  m_SpriteSortPoint: 0
--- !u!50 &6138124198042131066
Rigidbody2D:
  serializedVersion: 4
  m_ObjectHideFlags: 0
  m_CorrespondingSourceObject: {fileID: 0}
  m_PrefabInstance: {fileID: 0}
  m_PrefabAsset: {fileID: 0}
  m_GameObject: {fileID: 3607633365761597620}
  m_BodyType: 0
  m_Simulated: 1
  m_UseFullKinematicContacts: 0
  m_UseAutoMass: 0
  m_Mass: 1
  m_LinearDrag: 0
  m_AngularDrag: 0.05
  m_GravityScale: 0
  m_Material: {fileID: 0}
  m_Interpolate: 0
  m_SleepingMode: 1
  m_CollisionDetection: 0
  m_Constraints: 0
--- !u!61 &1481134834318550525
BoxCollider2D:
  m_ObjectHideFlags: 0
  m_CorrespondingSourceObject: {fileID: 0}
  m_PrefabInstance: {fileID: 0}
  m_PrefabAsset: {fileID: 0}
  m_GameObject: {fileID: 3607633365761597620}
  m_Enabled: 1
  m_Density: 1
  m_Material: {fileID: 0}
  m_IsTrigger: 1
  m_UsedByEffector: 0
  m_UsedByComposite: 0
  m_Offset: {x: 0, y: 0}
  m_SpriteTilingProperty:
    border: {x: 0, y: 0, z: 0, w: 0}
    pivot: {x: 0.5, y: 0.5}
    oldSize: {x: 14.73, y: 2.11}
    newSize: {x: 15.89, y: 2.12}
    adaptiveTilingThreshold: 0.5
    drawMode: 0
    adaptiveTiling: 0
  m_AutoTiling: 0
  serializedVersion: 2
  m_Size: {x: 15.89, y: 2.12}
  m_EdgeRadius: 0
--- !u!114 &8283506289481723195
MonoBehaviour:
  m_ObjectHideFlags: 0
  m_CorrespondingSourceObject: {fileID: 0}
  m_PrefabInstance: {fileID: 0}
  m_PrefabAsset: {fileID: 0}
  m_GameObject: {fileID: 3607633365761597620}
  m_Enabled: 1
  m_EditorHideFlags: 0
  m_Script: {fileID: 11500000, guid: fa2e2024350558a44a2ae119d61edfbc, type: 3}
  m_Name: 
  m_EditorClassIdentifier: 
  image: {fileID: 3304590208382522054}
--- !u!1 &6202771452081200038
GameObject:
  m_ObjectHideFlags: 0
  m_CorrespondingSourceObject: {fileID: 0}
  m_PrefabInstance: {fileID: 0}
  m_PrefabAsset: {fileID: 0}
  serializedVersion: 6
  m_Component:
  - component: {fileID: 8714808804224622866}
  - component: {fileID: 5114029777327537006}
  - component: {fileID: 8419656328412057324}
  - component: {fileID: 4636339319670916670}
  m_Layer: 0
  m_Name: LimitDriveLeft
  m_TagString: blurScale
  m_Icon: {fileID: 0}
  m_NavMeshLayer: 0
  m_StaticEditorFlags: 0
  m_IsActive: 1
--- !u!4 &8714808804224622866
Transform:
  m_ObjectHideFlags: 0
  m_CorrespondingSourceObject: {fileID: 0}
  m_PrefabInstance: {fileID: 0}
  m_PrefabAsset: {fileID: 0}
  m_GameObject: {fileID: 6202771452081200038}
  m_LocalRotation: {x: 0, y: 0, z: 0, w: 1}
  m_LocalPosition: {x: -4.7, y: -4.910001, z: 0}
  m_LocalScale: {x: 1.1239456, y: 1.1239456, z: 1.1239456}
  m_ConstrainProportionsScale: 1
  m_Children: []
  m_Father: {fileID: 2413715734013672280}
  m_RootOrder: 0
  m_LocalEulerAnglesHint: {x: 0, y: 0, z: 0}
--- !u!212 &5114029777327537006
SpriteRenderer:
  m_ObjectHideFlags: 0
  m_CorrespondingSourceObject: {fileID: 0}
  m_PrefabInstance: {fileID: 0}
  m_PrefabAsset: {fileID: 0}
  m_GameObject: {fileID: 6202771452081200038}
  m_Enabled: 1
  m_CastShadows: 0
  m_ReceiveShadows: 0
  m_DynamicOccludee: 1
  m_StaticShadowCaster: 0
  m_MotionVectors: 1
  m_LightProbeUsage: 1
  m_ReflectionProbeUsage: 1
  m_RayTracingMode: 0
  m_RayTraceProcedural: 0
  m_RenderingLayerMask: 1
  m_RendererPriority: 0
  m_Materials:
  - {fileID: 10754, guid: 0000000000000000f000000000000000, type: 0}
  m_StaticBatchInfo:
    firstSubMesh: 0
    subMeshCount: 0
  m_StaticBatchRoot: {fileID: 0}
  m_ProbeAnchor: {fileID: 0}
  m_LightProbeVolumeOverride: {fileID: 0}
  m_ScaleInLightmap: 1
  m_ReceiveGI: 1
  m_PreserveUVs: 0
  m_IgnoreNormalsForChartDetection: 0
  m_ImportantGI: 0
  m_StitchLightmapSeams: 1
  m_SelectedEditorRenderState: 0
  m_MinimumChartSize: 4
  m_AutoUVMaxDistance: 0.5
  m_AutoUVMaxAngle: 89
  m_LightmapParameters: {fileID: 0}
  m_SortingLayerID: 390911701
  m_SortingLayer: 5
  m_SortingOrder: 2
  m_Sprite: {fileID: 21300000, guid: e8ba52f2db8623b4e86bbbc4dcc2b1a6, type: 3}
  m_Color: {r: 1, g: 1, b: 1, a: 1}
  m_FlipX: 0
  m_FlipY: 0
  m_DrawMode: 0
  m_Size: {x: 3.85, y: 2.57}
  m_AdaptiveModeThreshold: 0.5
  m_SpriteTileMode: 0
  m_WasSpriteAssigned: 1
  m_MaskInteraction: 0
  m_SpriteSortPoint: 0
--- !u!50 &8419656328412057324
Rigidbody2D:
  serializedVersion: 4
  m_ObjectHideFlags: 0
  m_CorrespondingSourceObject: {fileID: 0}
  m_PrefabInstance: {fileID: 0}
  m_PrefabAsset: {fileID: 0}
  m_GameObject: {fileID: 6202771452081200038}
  m_BodyType: 0
  m_Simulated: 1
  m_UseFullKinematicContacts: 0
  m_UseAutoMass: 0
  m_Mass: 1
  m_LinearDrag: 0
  m_AngularDrag: 0.05
  m_GravityScale: 0
  m_Material: {fileID: 0}
  m_Interpolate: 0
  m_SleepingMode: 1
  m_CollisionDetection: 0
  m_Constraints: 7
--- !u!60 &4636339319670916670
PolygonCollider2D:
  m_ObjectHideFlags: 0
  m_CorrespondingSourceObject: {fileID: 0}
  m_PrefabInstance: {fileID: 0}
  m_PrefabAsset: {fileID: 0}
  m_GameObject: {fileID: 6202771452081200038}
  m_Enabled: 1
  m_Density: 1
  m_Material: {fileID: 0}
  m_IsTrigger: 0
  m_UsedByEffector: 0
  m_UsedByComposite: 0
  m_Offset: {x: 0, y: 0}
  m_SpriteTilingProperty:
    border: {x: 0, y: 0, z: 0, w: 0}
    pivot: {x: 0.5, y: 0.5}
    oldSize: {x: 3.98, y: 2.47}
    newSize: {x: 3.85, y: 2.57}
    adaptiveTilingThreshold: 0.5
    drawMode: 0
    adaptiveTiling: 0
  m_AutoTiling: 0
  m_Points:
    m_Paths:
    - - {x: 1.605, y: -0.97999996}
      - {x: 1.435, y: -0.95}
      - {x: 1.345, y: -0.85999995}
      - {x: 1.275, y: -0.83}
      - {x: 1.105, y: -0.71999997}
      - {x: 0.955, y: -0.59}
      - {x: 0.78499997, y: -0.56}
      - {x: 0.615, y: -0.28}
      - {x: 0.355, y: -0.22999999}
      - {x: 0.074999996, y: 0.06}
      - {x: -0.044999998, y: 0.11}
      - {x: -0.24499999, y: 0.11}
      - {x: -0.345, y: 0.34}
      - {x: -0.60499996, y: 0.5}
      - {x: -0.805, y: 0.51}
      - {x: -0.865, y: 0.7}
      - {x: -1.025, y: 0.9}
      - {x: -1.255, y: 0.96}
      - {x: -1.4449999, y: 0.95}
      - {x: -1.435, y: 1.0699999}
      - {x: -1.475, y: 1.2099999}
      - {x: -1.535, y: 1.35}
      - {x: -1.7049999, y: 1.52}
      - {x: -1.735, y: 1.53}
      - {x: -1.795, y: 1.53}
      - {x: -1.795, y: 0.22}
      - {x: -1.765, y: 0.13}
      - {x: -1.545, y: -0.06}
      - {x: -1.425, y: -0.08}
      - {x: -1.175, y: -0.07}
      - {x: -1.125, y: -0.19}
      - {x: -1.095, y: -0.22999999}
      - {x: -0.97499996, y: -0.35}
      - {x: -0.78499997, y: -0.42999998}
      - {x: -0.555, y: -0.42}
      - {x: -0.525, y: -0.5}
      - {x: -0.48499998, y: -0.56}
      - {x: -0.39499998, y: -0.65999997}
      - {x: -0.265, y: -0.74}
      - {x: -0.044999998, y: -0.74}
      - {x: 0.055, y: -0.85999995}
      - {x: 0.155, y: -0.95}
      - {x: 0.315, y: -1.03}
      - {x: 0.515, y: -1.02}
      - {x: 0.545, y: -1.11}
      - {x: 0.73499995, y: -1.25}
      - {x: 0.875, y: -1.24}
      - {x: 1.015, y: -1.35}
      - {x: 1.135, y: -1.41}
      - {x: 1.305, y: -1.41}
      - {x: 1.375, y: -1.51}
      - {x: 1.4549999, y: -1.53}
      - {x: 1.655, y: -1.53}
      - {x: 1.755, y: -1.4399999}
      - {x: 1.795, y: -1.4}
      - {x: 1.795, y: -1.09}
--- !u!1 &8852908709240746754
GameObject:
  m_ObjectHideFlags: 0
  m_CorrespondingSourceObject: {fileID: 0}
  m_PrefabInstance: {fileID: 0}
  m_PrefabAsset: {fileID: 0}
  serializedVersion: 6
  m_Component:
  - component: {fileID: 2413715734013672280}
  m_Layer: 0
  m_Name: LimitDrive
  m_TagString: Untagged
  m_Icon: {fileID: 0}
  m_NavMeshLayer: 0
  m_StaticEditorFlags: 0
  m_IsActive: 1
--- !u!4 &2413715734013672280
Transform:
  m_ObjectHideFlags: 0
  m_CorrespondingSourceObject: {fileID: 0}
  m_PrefabInstance: {fileID: 0}
  m_PrefabAsset: {fileID: 0}
  m_GameObject: {fileID: 8852908709240746754}
  m_LocalRotation: {x: -0, y: -0, z: -0, w: 1}
  m_LocalPosition: {x: 0.1625, y: 10.175, z: 0}
  m_LocalScale: {x: 1, y: 1.25, z: 1.25}
  m_ConstrainProportionsScale: 0
  m_Children:
  - {fileID: 8714808804224622866}
  - {fileID: 8920438940832226255}
  - {fileID: 845696268777998520}
  m_Father: {fileID: 320972171839620464}
  m_RootOrder: 0
  m_LocalEulerAnglesHint: {x: 0, y: 0, z: 0}
