%YAML 1.1
%TAG !u! tag:unity3d.com,2011:
--- !u!1 &699258731508998354
GameObject:
  m_ObjectHideFlags: 0
  m_CorrespondingSourceObject: {fileID: 0}
  m_PrefabInstance: {fileID: 0}
  m_PrefabAsset: {fileID: 0}
  serializedVersion: 6
  m_Component:
  - component: {fileID: 320972171839620464}
  - component: {fileID: 5743706639096712375}
  - component: {fileID: 2480083154671208295}
  - component: {fileID: 7827735770539391141}
  - component: {fileID: 6804131698310527661}
  m_Layer: 0
  m_Name: Pan
  m_TagString: Untagged
  m_Icon: {fileID: 0}
  m_NavMeshLayer: 0
  m_StaticEditorFlags: 0
  m_IsActive: 1
--- !u!4 &320972171839620464
Transform:
  m_ObjectHideFlags: 0
  m_CorrespondingSourceObject: {fileID: 0}
  m_PrefabInstance: {fileID: 0}
  m_PrefabAsset: {fileID: 0}
  m_GameObject: {fileID: 699258731508998354}
  m_LocalRotation: {x: 0, y: 0, z: 0.008726558, w: 0.999962}
  m_LocalPosition: {x: 0, y: -7.62, z: 0}
  m_LocalScale: {x: 0.7, y: 0.7, z: 0.7}
  m_ConstrainProportionsScale: 1
  m_Children:
  - {fileID: 2413715734013672280}
  m_Father: {fileID: 0}
  m_RootOrder: 0
  m_LocalEulerAnglesHint: {x: 0, y: 0, z: 1}
--- !u!212 &5743706639096712375
SpriteRenderer:
  m_ObjectHideFlags: 0
  m_CorrespondingSourceObject: {fileID: 0}
  m_PrefabInstance: {fileID: 0}
  m_PrefabAsset: {fileID: 0}
  m_GameObject: {fileID: 699258731508998354}
  m_Enabled: 1
  m_CastShadows: 0
  m_ReceiveShadows: 0
  m_DynamicOccludee: 1
  m_StaticShadowCaster: 0
  m_MotionVectors: 1
  m_LightProbeUsage: 1
  m_ReflectionProbeUsage: 1
  m_RayTracingMode: 0
  m_RayTraceProcedural: 0
  m_RenderingLayerMask: 1
  m_RendererPriority: 0
  m_Materials:
  - {fileID: 10754, guid: 0000000000000000f000000000000000, type: 0}
  m_StaticBatchInfo:
    firstSubMesh: 0
    subMeshCount: 0
  m_StaticBatchRoot: {fileID: 0}
  m_ProbeAnchor: {fileID: 0}
  m_LightProbeVolumeOverride: {fileID: 0}
  m_ScaleInLightmap: 1
  m_ReceiveGI: 1
  m_PreserveUVs: 0
  m_IgnoreNormalsForChartDetection: 0
  m_ImportantGI: 0
  m_StitchLightmapSeams: 1
  m_SelectedEditorRenderState: 0
  m_MinimumChartSize: 4
  m_AutoUVMaxDistance: 0.5
  m_AutoUVMaxAngle: 89
  m_LightmapParameters: {fileID: 0}
  m_SortingLayerID: 0
  m_SortingLayer: 0
  m_SortingOrder: 0
  m_Sprite: {fileID: 21300000, guid: 00562998db66f2242aa310740fe0bddb, type: 3}
  m_Color: {r: 1, g: 1, b: 1, a: 1}
  m_FlipX: 0
  m_FlipY: 0
  m_DrawMode: 0
  m_Size: {x: 3.71, y: 3.91}
  m_AdaptiveModeThreshold: 0.5
  m_SpriteTileMode: 0
  m_WasSpriteAssigned: 1
  m_MaskInteraction: 0
  m_SpriteSortPoint: 0
--- !u!50 &2480083154671208295
Rigidbody2D:
  serializedVersion: 4
  m_ObjectHideFlags: 0
  m_CorrespondingSourceObject: {fileID: 0}
  m_PrefabInstance: {fileID: 0}
  m_PrefabAsset: {fileID: 0}
  m_GameObject: {fileID: 699258731508998354}
  m_BodyType: 0
  m_Simulated: 1
  m_UseFullKinematicContacts: 0
  m_UseAutoMass: 0
  m_Mass: 1
  m_LinearDrag: 0
  m_AngularDrag: 0.05
  m_GravityScale: 0
  m_Material: {fileID: 0}
  m_Interpolate: 0
  m_SleepingMode: 1
  m_CollisionDetection: 0
  m_Constraints: 7
--- !u!114 &7827735770539391141
MonoBehaviour:
  m_ObjectHideFlags: 0
  m_CorrespondingSourceObject: {fileID: 0}
  m_PrefabInstance: {fileID: 0}
  m_PrefabAsset: {fileID: 0}
  m_GameObject: {fileID: 699258731508998354}
  m_Enabled: 1
  m_EditorHideFlags: 0
  m_Script: {fileID: 11500000, guid: 88d336004f6e27c40b3234b0720eea4e, type: 3}
  m_Name: 
  m_EditorClassIdentifier: 
  idCup: 3008
--- !u!60 &6804131698310527661
PolygonCollider2D:
  m_ObjectHideFlags: 0
  m_CorrespondingSourceObject: {fileID: 0}
  m_PrefabInstance: {fileID: 0}
  m_PrefabAsset: {fileID: 0}
  m_GameObject: {fileID: 699258731508998354}
  m_Enabled: 1
  m_Density: 1
  m_Material: {fileID: 0}
  m_IsTrigger: 0
  m_UsedByEffector: 0
  m_UsedByComposite: 0
  m_Offset: {x: 0, y: 0}
  m_SpriteTilingProperty:
    border: {x: 0, y: 0, z: 0, w: 0}
    pivot: {x: 0.5, y: 0.5}
    oldSize: {x: 6.25, y: 2.62}
    newSize: {x: 3.71, y: 3.91}
    adaptiveTilingThreshold: 0.5
    drawMode: 0
    adaptiveTiling: 0
  m_AutoTiling: 0
  m_Points:
    m_Paths:
    - - {x: 0.79499996, y: -1.28}
      - {x: 0.92499995, y: -1.25}
      - {x: 1.165, y: -1.1899999}
      - {x: 1.1949999, y: -1.18}
      - {x: 1.275, y: -1.16}
      - {x: 1.375, y: -1.13}
      - {x: 1.485, y: -1.09}
      - {x: 1.645, y: -1.03}
      - {x: 1.735, y: -0.98999995}
      - {x: 1.885, y: -0.91999996}
      - {x: 2.115, y: -0.79999995}
      - {x: 2.2549999, y: -0.71}
      - {x: 2.355, y: -0.64}
      - {x: 2.565, y: -0.45999998}
      - {x: 2.7549999, y: -0.26999998}
      - {x: 2.825, y: -0.19}
      - {x: 2.975, y: 0}
      - {x: 3.105, y: 0.22}
      - {x: 3.125, y: 0.25}
      - {x: 3.125, y: 0.44}
      - {x: 3.0549998, y: 0.55}
      - {x: 2.915, y: 0.66999996}
      - {x: 2.835, y: 0.71999997}
      - {x: 3.0038936, y: 0.3733453}
      - {x: 2.992537, y: 0.29050344}
      - {x: 3.00138, y: 0.22106236}
      - {x: 2.8949556, y: 0.104783595}
      - {x: 2.7395008, y: 0.031439066}
      - {x: 2.6517632, y: -0.020110726}
      - {x: 2.5585892, y: -0.070783734}
      - {x: 2.4698477, y: -0.102808714}
      - {x: 2.3736892, y: -0.12507284}
      - {x: 2.32298, y: -0.13895702}
      - {x: 2.11307, y: -0.1853838}
      - {x: 1.8243546, y: -0.22213483}
      - {x: 1.5705115, y: -0.24907207}
      - {x: 1.176999, y: -0.28709054}
      - {x: 0.638293, y: -0.31940472}
      - {x: 0.12700367, y: -0.32487273}
      - {x: -0.5116408, y: -0.33529556}
      - {x: -1.0866239, y: -0.22592914}
      - {x: -1.5010979, y: -0.084189534}
      - {x: -2.195359, y: 0.06490469}
      - {x: -2.7120252, y: 0.25430018}
      - {x: -3.085, y: 0.83}
      - {x: -3.125, y: 0.74}
      - {x: -3.125, y: 0.53999996}
      - {x: -3.0549998, y: 0.34}
      - {x: -2.955, y: 0.17}
      - {x: -2.895, y: 0.07}
      - {x: -2.7849998, y: -0.07}
      - {x: -2.695, y: -0.17999999}
      - {x: -2.435, y: -0.44}
      - {x: -2.2749999, y: -0.58}
      - {x: -2.135, y: -0.68}
      - {x: -2.0149999, y: -0.76}
      - {x: -1.8349999, y: -0.84999996}
      - {x: -1.8149999, y: -0.87}
      - {x: -1.635, y: -0.96999997}
      - {x: -1.515, y: -1.01}
      - {x: -1.275, y: -1.1}
      - {x: -1.155, y: -1.14}
      - {x: -0.905, y: -1.22}
      - {x: -0.765, y: -1.24}
      - {x: -0.53499997, y: -1.28}
      - {x: -0.295, y: -1.31}
      - {x: 0.345, y: -1.31}
      - {x: 0.66499996, y: -1.3}
--- !u!1 &2222702530337715282
GameObject:
  m_ObjectHideFlags: 0
  m_CorrespondingSourceObject: {fileID: 0}
  m_PrefabInstance: {fileID: 0}
  m_PrefabAsset: {fileID: 0}
  serializedVersion: 6
  m_Component:
  - component: {fileID: 8920438940832226255}
  - component: {fileID: 2260748433683049381}
  - component: {fileID: 1874050771948754969}
  - component: {fileID: 3920213397121577872}
  m_Layer: 0
  m_Name: LimitDriveRight
  m_TagString: blurScale
  m_Icon: {fileID: 0}
  m_NavMeshLayer: 0
  m_StaticEditorFlags: 0
  m_IsActive: 1
--- !u!4 &8920438940832226255
Transform:
  m_ObjectHideFlags: 0
  m_CorrespondingSourceObject: {fileID: 0}
  m_PrefabInstance: {fileID: 0}
  m_PrefabAsset: {fileID: 0}
  m_GameObject: {fileID: 2222702530337715282}
  m_LocalRotation: {x: -0.08715578, y: 0.9961947, z: -0, w: 0}
  m_LocalPosition: {x: -5.22, y: -6.63, z: 0}
  m_LocalScale: {x: 1.274, y: 1.274, z: 1.274}
  m_ConstrainProportionsScale: 0
  m_Children: []
  m_Father: {fileID: 2413715734013672280}
  m_RootOrder: 1
  m_LocalEulerAnglesHint: {x: 0, y: 180, z: -10}
--- !u!212 &2260748433683049381
SpriteRenderer:
  m_ObjectHideFlags: 0
  m_CorrespondingSourceObject: {fileID: 0}
  m_PrefabInstance: {fileID: 0}
  m_PrefabAsset: {fileID: 0}
  m_GameObject: {fileID: 2222702530337715282}
  m_Enabled: 1
  m_CastShadows: 0
  m_ReceiveShadows: 0
  m_DynamicOccludee: 1
  m_StaticShadowCaster: 0
  m_MotionVectors: 1
  m_LightProbeUsage: 1
  m_ReflectionProbeUsage: 1
  m_RayTracingMode: 0
  m_RayTraceProcedural: 0
  m_RenderingLayerMask: 1
  m_RendererPriority: 0
  m_Materials:
  - {fileID: 10754, guid: 0000000000000000f000000000000000, type: 0}
  m_StaticBatchInfo:
    firstSubMesh: 0
    subMeshCount: 0
  m_StaticBatchRoot: {fileID: 0}
  m_ProbeAnchor: {fileID: 0}
  m_LightProbeVolumeOverride: {fileID: 0}
  m_ScaleInLightmap: 1
  m_ReceiveGI: 1
  m_PreserveUVs: 0
  m_IgnoreNormalsForChartDetection: 0
  m_ImportantGI: 0
  m_StitchLightmapSeams: 1
  m_SelectedEditorRenderState: 0
  m_MinimumChartSize: 4
  m_AutoUVMaxDistance: 0.5
  m_AutoUVMaxAngle: 89
  m_LightmapParameters: {fileID: 0}
  m_SortingLayerID: 0
  m_SortingLayer: 0
  m_SortingOrder: 2
  m_Sprite: {fileID: 21300000, guid: 3397eae33a33b5e4594a925b92fdb048, type: 3}
  m_Color: {r: 1, g: 1, b: 1, a: 1}
  m_FlipX: 0
  m_FlipY: 0
  m_DrawMode: 0
  m_Size: {x: 3.85, y: 2.57}
  m_AdaptiveModeThreshold: 0.5
  m_SpriteTileMode: 0
  m_WasSpriteAssigned: 1
  m_MaskInteraction: 0
  m_SpriteSortPoint: 0
--- !u!50 &1874050771948754969
Rigidbody2D:
  serializedVersion: 4
  m_ObjectHideFlags: 0
  m_CorrespondingSourceObject: {fileID: 0}
  m_PrefabInstance: {fileID: 0}
  m_PrefabAsset: {fileID: 0}
  m_GameObject: {fileID: 2222702530337715282}
  m_BodyType: 0
  m_Simulated: 1
  m_UseFullKinematicContacts: 0
  m_UseAutoMass: 0
  m_Mass: 1
  m_LinearDrag: 0
  m_AngularDrag: 0.05
  m_GravityScale: 0
  m_Material: {fileID: 0}
  m_Interpolate: 0
  m_SleepingMode: 1
  m_CollisionDetection: 0
  m_Constraints: 7
--- !u!60 &3920213397121577872
PolygonCollider2D:
  m_ObjectHideFlags: 0
  m_CorrespondingSourceObject: {fileID: 0}
  m_PrefabInstance: {fileID: 0}
  m_PrefabAsset: {fileID: 0}
  m_GameObject: {fileID: 2222702530337715282}
  m_Enabled: 1
  m_Density: 1
  m_Material: {fileID: 0}
  m_IsTrigger: 0
  m_UsedByEffector: 0
  m_UsedByComposite: 0
  m_Offset: {x: 0, y: 0}
  m_SpriteTilingProperty:
    border: {x: 0, y: 0, z: 0, w: 0}
    pivot: {x: 0.5, y: 0.5}
    oldSize: {x: 3.34, y: 2.54}
    newSize: {x: 3.85, y: 2.57}
    adaptiveTilingThreshold: 0.5
    drawMode: 0
    adaptiveTiling: 0
  m_AutoTiling: 0
  m_Points:
    m_Paths:
    - - {x: -0.79999995, y: -0.93}
      - {x: -0.65999997, y: -0.82}
      - {x: -0.53999996, y: -0.72999996}
      - {x: -0.5, y: -0.76}
      - {x: -0.35999998, y: -0.75}
      - {x: -0.29999998, y: -0.71999997}
      - {x: -0.06, y: -0.55}
      - {x: 0.089999996, y: -0.44}
      - {x: 0.19999999, y: -0.35999998}
      - {x: 0.45999998, y: -0.17}
      - {x: 0.83, y: 0.099999994}
      - {x: 1.09, y: 0.29}
      - {x: 1.4599999, y: 0.56}
      - {x: 1.54, y: 0.62}
      - {x: 1.63, y: 0.71999997}
      - {x: 1.66, y: 0.77}
      - {x: 1.67, y: 0.79999995}
      - {x: 1.67, y: 1.06}
      - {x: 1.62, y: 1.15}
      - {x: 1.54, y: 1.22}
      - {x: 1.43, y: 1.27}
      - {x: 1.1999999, y: 1.27}
      - {x: 1.17, y: 1.26}
      - {x: 1.12, y: 1.24}
      - {x: 0.94, y: 1.11}
      - {x: 0.42, y: 0.72999996}
      - {x: 0.049999997, y: 0.45999998}
      - {x: -0.21, y: 0.26999998}
      - {x: -0.58, y: 0}
      - {x: -0.72999996, y: -0.11}
      - {x: -0.78, y: -0.16}
      - {x: -0.83, y: -0.26999998}
      - {x: -0.84, y: -0.35}
      - {x: -1.43, y: -0.78}
      - {x: -1.62, y: -0.90999997}
      - {x: -1.67, y: -0.97999996}
      - {x: -1.67, y: -1.15}
      - {x: -1.61, y: -1.23}
      - {x: -1.52, y: -1.27}
      - {x: -1.29, y: -1.27}
      - {x: -1.27, y: -1.26}
      - {x: -1.13, y: -1.17}
--- !u!1 &3607633365761597620
GameObject:
  m_ObjectHideFlags: 0
  m_CorrespondingSourceObject: {fileID: 0}
  m_PrefabInstance: {fileID: 0}
  m_PrefabAsset: {fileID: 0}
  serializedVersion: 6
  m_Component:
  - component: {fileID: 845696268777998520}
  - component: {fileID: 3304590208382522054}
  - component: {fileID: 6138124198042131066}
  - component: {fileID: 1481134834318550525}
  - component: {fileID: 8283506289481723195}
  m_Layer: 0
  m_Name: LimitBlur
  m_TagString: blurScale
  m_Icon: {fileID: 0}
  m_NavMeshLayer: 0
  m_StaticEditorFlags: 0
  m_IsActive: 0
--- !u!4 &845696268777998520
Transform:
  m_ObjectHideFlags: 0
  m_CorrespondingSourceObject: {fileID: 0}
  m_PrefabInstance: {fileID: 0}
  m_PrefabAsset: {fileID: 0}
  m_GameObject: {fileID: 3607633365761597620}
  m_LocalRotation: {x: 0, y: 0, z: 0, w: 1}
  m_LocalPosition: {x: 0, y: -3.26, z: 0}
  m_LocalScale: {x: 1, y: 0.1195, z: 1}
  m_ConstrainProportionsScale: 0
  m_Children: []
  m_Father: {fileID: 2413715734013672280}
  m_RootOrder: 2
  m_LocalEulerAnglesHint: {x: 0, y: 0, z: 0}
--- !u!212 &3304590208382522054
SpriteRenderer:
  m_ObjectHideFlags: 0
  m_CorrespondingSourceObject: {fileID: 0}
  m_PrefabInstance: {fileID: 0}
  m_PrefabAsset: {fileID: 0}
  m_GameObject: {fileID: 3607633365761597620}
  m_Enabled: 1
  m_CastShadows: 0
  m_ReceiveShadows: 0
  m_DynamicOccludee: 1
  m_StaticShadowCaster: 0
  m_MotionVectors: 1
  m_LightProbeUsage: 1
  m_ReflectionProbeUsage: 1
  m_RayTracingMode: 0
  m_RayTraceProcedural: 0
  m_RenderingLayerMask: 1
  m_RendererPriority: 0
  m_Materials:
  - {fileID: 10754, guid: 0000000000000000f000000000000000, type: 0}
  m_StaticBatchInfo:
    firstSubMesh: 0
    subMeshCount: 0
  m_StaticBatchRoot: {fileID: 0}
  m_ProbeAnchor: {fileID: 0}
  m_LightProbeVolumeOverride: {fileID: 0}
  m_ScaleInLightmap: 1
  m_ReceiveGI: 1
  m_PreserveUVs: 0
  m_IgnoreNormalsForChartDetection: 0
  m_ImportantGI: 0
  m_StitchLightmapSeams: 1
  m_SelectedEditorRenderState: 0
  m_MinimumChartSize: 4
  m_AutoUVMaxDistance: 0.5
  m_AutoUVMaxAngle: 89
  m_LightmapParameters: {fileID: 0}
  m_SortingLayerID: 0
  m_SortingLayer: 0
  m_SortingOrder: 0
  m_Sprite: {fileID: 21300000, guid: b5c796667e1d6fd43a2f939483155d0d, type: 3}
  m_Color: {r: 1, g: 1, b: 1, a: 1}
  m_FlipX: 0
  m_FlipY: 0
  m_DrawMode: 0
  m_Size: {x: 15.89, y: 2.12}
  m_AdaptiveModeThreshold: 0.5
  m_SpriteTileMode: 0
  m_WasSpriteAssigned: 1
  m_MaskInteraction: 0
  m_SpriteSortPoint: 0
--- !u!50 &6138124198042131066
Rigidbody2D:
  serializedVersion: 4
  m_ObjectHideFlags: 0
  m_CorrespondingSourceObject: {fileID: 0}
  m_PrefabInstance: {fileID: 0}
  m_PrefabAsset: {fileID: 0}
  m_GameObject: {fileID: 3607633365761597620}
  m_BodyType: 0
  m_Simulated: 1
  m_UseFullKinematicContacts: 0
  m_UseAutoMass: 0
  m_Mass: 1
  m_LinearDrag: 0
  m_AngularDrag: 0.05
  m_GravityScale: 0
  m_Material: {fileID: 0}
  m_Interpolate: 0
  m_SleepingMode: 1
  m_CollisionDetection: 0
  m_Constraints: 0
--- !u!61 &1481134834318550525
BoxCollider2D:
  m_ObjectHideFlags: 0
  m_CorrespondingSourceObject: {fileID: 0}
  m_PrefabInstance: {fileID: 0}
  m_PrefabAsset: {fileID: 0}
  m_GameObject: {fileID: 3607633365761597620}
  m_Enabled: 1
  m_Density: 1
  m_Material: {fileID: 0}
  m_IsTrigger: 1
  m_UsedByEffector: 0
  m_UsedByComposite: 0
  m_Offset: {x: 0, y: 0}
  m_SpriteTilingProperty:
    border: {x: 0, y: 0, z: 0, w: 0}
    pivot: {x: 0.5, y: 0.5}
    oldSize: {x: 14.73, y: 2.11}
    newSize: {x: 15.89, y: 2.12}
    adaptiveTilingThreshold: 0.5
    drawMode: 0
    adaptiveTiling: 0
  m_AutoTiling: 0
  serializedVersion: 2
  m_Size: {x: 15.89, y: 2.12}
  m_EdgeRadius: 0
--- !u!114 &8283506289481723195
MonoBehaviour:
  m_ObjectHideFlags: 0
  m_CorrespondingSourceObject: {fileID: 0}
  m_PrefabInstance: {fileID: 0}
  m_PrefabAsset: {fileID: 0}
  m_GameObject: {fileID: 3607633365761597620}
  m_Enabled: 1
  m_EditorHideFlags: 0
  m_Script: {fileID: 11500000, guid: fa2e2024350558a44a2ae119d61edfbc, type: 3}
  m_Name: 
  m_EditorClassIdentifier: 
  image: {fileID: 3304590208382522054}
--- !u!1 &6202771452081200038
GameObject:
  m_ObjectHideFlags: 0
  m_CorrespondingSourceObject: {fileID: 0}
  m_PrefabInstance: {fileID: 0}
  m_PrefabAsset: {fileID: 0}
  serializedVersion: 6
  m_Component:
  - component: {fileID: 8714808804224622866}
  - component: {fileID: 5114029777327537006}
  - component: {fileID: 8419656328412057324}
  - component: {fileID: 7484524455601328096}
  m_Layer: 0
  m_Name: LimitDriveLeft
  m_TagString: blurScale
  m_Icon: {fileID: 0}
  m_NavMeshLayer: 0
  m_StaticEditorFlags: 0
  m_IsActive: 1
--- !u!4 &8714808804224622866
Transform:
  m_ObjectHideFlags: 0
  m_CorrespondingSourceObject: {fileID: 0}
  m_PrefabInstance: {fileID: 0}
  m_PrefabAsset: {fileID: 0}
  m_GameObject: {fileID: 6202771452081200038}
  m_LocalRotation: {x: 0, y: 0, z: -0.08715578, w: 0.9961947}
  m_LocalPosition: {x: 4.92, y: -6.72, z: 0}
  m_LocalScale: {x: 1.274, y: 1.274, z: 1.274}
  m_ConstrainProportionsScale: 0
  m_Children: []
  m_Father: {fileID: 2413715734013672280}
  m_RootOrder: 0
  m_LocalEulerAnglesHint: {x: 0, y: 0, z: -10}
--- !u!212 &5114029777327537006
SpriteRenderer:
  m_ObjectHideFlags: 0
  m_CorrespondingSourceObject: {fileID: 0}
  m_PrefabInstance: {fileID: 0}
  m_PrefabAsset: {fileID: 0}
  m_GameObject: {fileID: 6202771452081200038}
  m_Enabled: 1
  m_CastShadows: 0
  m_ReceiveShadows: 0
  m_DynamicOccludee: 1
  m_StaticShadowCaster: 0
  m_MotionVectors: 1
  m_LightProbeUsage: 1
  m_ReflectionProbeUsage: 1
  m_RayTracingMode: 0
  m_RayTraceProcedural: 0
  m_RenderingLayerMask: 1
  m_RendererPriority: 0
  m_Materials:
  - {fileID: 10754, guid: 0000000000000000f000000000000000, type: 0}
  m_StaticBatchInfo:
    firstSubMesh: 0
    subMeshCount: 0
  m_StaticBatchRoot: {fileID: 0}
  m_ProbeAnchor: {fileID: 0}
  m_LightProbeVolumeOverride: {fileID: 0}
  m_ScaleInLightmap: 1
  m_ReceiveGI: 1
  m_PreserveUVs: 0
  m_IgnoreNormalsForChartDetection: 0
  m_ImportantGI: 0
  m_StitchLightmapSeams: 1
  m_SelectedEditorRenderState: 0
  m_MinimumChartSize: 4
  m_AutoUVMaxDistance: 0.5
  m_AutoUVMaxAngle: 89
  m_LightmapParameters: {fileID: 0}
  m_SortingLayerID: 0
  m_SortingLayer: 0
  m_SortingOrder: 2
  m_Sprite: {fileID: 21300000, guid: 3397eae33a33b5e4594a925b92fdb048, type: 3}
  m_Color: {r: 1, g: 1, b: 1, a: 1}
  m_FlipX: 0
  m_FlipY: 0
  m_DrawMode: 0
  m_Size: {x: 3.85, y: 2.57}
  m_AdaptiveModeThreshold: 0.5
  m_SpriteTileMode: 0
  m_WasSpriteAssigned: 1
  m_MaskInteraction: 0
  m_SpriteSortPoint: 0
--- !u!50 &8419656328412057324
Rigidbody2D:
  serializedVersion: 4
  m_ObjectHideFlags: 0
  m_CorrespondingSourceObject: {fileID: 0}
  m_PrefabInstance: {fileID: 0}
  m_PrefabAsset: {fileID: 0}
  m_GameObject: {fileID: 6202771452081200038}
  m_BodyType: 0
  m_Simulated: 1
  m_UseFullKinematicContacts: 0
  m_UseAutoMass: 0
  m_Mass: 1
  m_LinearDrag: 0
  m_AngularDrag: 0.05
  m_GravityScale: 0
  m_Material: {fileID: 0}
  m_Interpolate: 0
  m_SleepingMode: 1
  m_CollisionDetection: 0
  m_Constraints: 7
--- !u!60 &7484524455601328096
PolygonCollider2D:
  m_ObjectHideFlags: 0
  m_CorrespondingSourceObject: {fileID: 0}
  m_PrefabInstance: {fileID: 0}
  m_PrefabAsset: {fileID: 0}
  m_GameObject: {fileID: 6202771452081200038}
  m_Enabled: 1
  m_Density: 1
  m_Material: {fileID: 0}
  m_IsTrigger: 0
  m_UsedByEffector: 0
  m_UsedByComposite: 0
  m_Offset: {x: 0, y: 0}
  m_SpriteTilingProperty:
    border: {x: 0, y: 0, z: 0, w: 0}
    pivot: {x: 0.5, y: 0.5}
    oldSize: {x: 3.34, y: 2.54}
    newSize: {x: 3.85, y: 2.57}
    adaptiveTilingThreshold: 0.5
    drawMode: 0
    adaptiveTiling: 0
  m_AutoTiling: 0
  m_Points:
    m_Paths:
    - - {x: -0.79999995, y: -0.93}
      - {x: -0.65999997, y: -0.82}
      - {x: -0.53999996, y: -0.72999996}
      - {x: -0.5, y: -0.76}
      - {x: -0.35999998, y: -0.75}
      - {x: -0.29999998, y: -0.71999997}
      - {x: -0.06, y: -0.55}
      - {x: 0.089999996, y: -0.44}
      - {x: 0.19999999, y: -0.35999998}
      - {x: 0.45999998, y: -0.17}
      - {x: 0.83, y: 0.099999994}
      - {x: 1.09, y: 0.29}
      - {x: 1.4599999, y: 0.56}
      - {x: 1.54, y: 0.62}
      - {x: 1.63, y: 0.71999997}
      - {x: 1.66, y: 0.77}
      - {x: 1.67, y: 0.79999995}
      - {x: 1.67, y: 1.06}
      - {x: 1.62, y: 1.15}
      - {x: 1.54, y: 1.22}
      - {x: 1.43, y: 1.27}
      - {x: 1.1999999, y: 1.27}
      - {x: 1.17, y: 1.26}
      - {x: 1.12, y: 1.24}
      - {x: 0.94, y: 1.11}
      - {x: 0.42, y: 0.72999996}
      - {x: 0.049999997, y: 0.45999998}
      - {x: -0.21, y: 0.26999998}
      - {x: -0.58, y: 0}
      - {x: -0.72999996, y: -0.11}
      - {x: -0.78, y: -0.16}
      - {x: -0.83, y: -0.26999998}
      - {x: -0.84, y: -0.35}
      - {x: -1.43, y: -0.78}
      - {x: -1.62, y: -0.90999997}
      - {x: -1.67, y: -0.97999996}
      - {x: -1.67, y: -1.15}
      - {x: -1.61, y: -1.23}
      - {x: -1.52, y: -1.27}
      - {x: -1.29, y: -1.27}
      - {x: -1.27, y: -1.26}
      - {x: -1.13, y: -1.17}
--- !u!1 &8852908709240746754
GameObject:
  m_ObjectHideFlags: 0
  m_CorrespondingSourceObject: {fileID: 0}
  m_PrefabInstance: {fileID: 0}
  m_PrefabAsset: {fileID: 0}
  serializedVersion: 6
  m_Component:
  - component: {fileID: 2413715734013672280}
  m_Layer: 0
  m_Name: LimitDrive
  m_TagString: Untagged
  m_Icon: {fileID: 0}
  m_NavMeshLayer: 0
  m_StaticEditorFlags: 0
  m_IsActive: 1
--- !u!4 &2413715734013672280
Transform:
  m_ObjectHideFlags: 0
  m_CorrespondingSourceObject: {fileID: 0}
  m_PrefabInstance: {fileID: 0}
  m_PrefabAsset: {fileID: 0}
  m_GameObject: {fileID: 8852908709240746754}
  m_LocalRotation: {x: -0, y: -0, z: -0, w: 1}
  m_LocalPosition: {x: 0.1625, y: 10.175, z: 0}
  m_LocalScale: {x: 1, y: 1.25, z: 1.25}
  m_ConstrainProportionsScale: 0
  m_Children:
  - {fileID: 8714808804224622866}
  - {fileID: 8920438940832226255}
  - {fileID: 845696268777998520}
  m_Father: {fileID: 320972171839620464}
  m_RootOrder: 0
  m_LocalEulerAnglesHint: {x: 0, y: 0, z: 0}
