%YAML 1.1
%TAG !u! tag:unity3d.com,2011:
--- !u!1 &699258731508998354
GameObject:
  m_ObjectHideFlags: 0
  m_CorrespondingSourceObject: {fileID: 0}
  m_PrefabInstance: {fileID: 0}
  m_PrefabAsset: {fileID: 0}
  serializedVersion: 6
  m_Component:
  - component: {fileID: 320972171839620464}
  - component: {fileID: 5743706639096712375}
  - component: {fileID: 2480083154671208295}
  - component: {fileID: 7827735770539391141}
  - component: {fileID: 5600836331071662758}
  m_Layer: 0
  m_Name: Plastic_bottle_2
  m_TagString: Untagged
  m_Icon: {fileID: 0}
  m_NavMeshLayer: 0
  m_StaticEditorFlags: 0
  m_IsActive: 1
--- !u!4 &320972171839620464
Transform:
  m_ObjectHideFlags: 0
  m_CorrespondingSourceObject: {fileID: 0}
  m_PrefabInstance: {fileID: 0}
  m_PrefabAsset: {fileID: 0}
  m_GameObject: {fileID: 699258731508998354}
  m_LocalRotation: {x: 0, y: 0, z: 0, w: 1}
  m_LocalPosition: {x: 0.66, y: -7, z: 0}
  m_LocalScale: {x: 0.7, y: 0.7, z: 0.7}
  m_ConstrainProportionsScale: 1
  m_Children:
  - {fileID: 2413715734013672280}
  m_Father: {fileID: 0}
  m_RootOrder: 0
  m_LocalEulerAnglesHint: {x: 0, y: 0, z: 0}
--- !u!212 &5743706639096712375
SpriteRenderer:
  m_ObjectHideFlags: 0
  m_CorrespondingSourceObject: {fileID: 0}
  m_PrefabInstance: {fileID: 0}
  m_PrefabAsset: {fileID: 0}
  m_GameObject: {fileID: 699258731508998354}
  m_Enabled: 1
  m_CastShadows: 0
  m_ReceiveShadows: 0
  m_DynamicOccludee: 1
  m_StaticShadowCaster: 0
  m_MotionVectors: 1
  m_LightProbeUsage: 1
  m_ReflectionProbeUsage: 1
  m_RayTracingMode: 0
  m_RayTraceProcedural: 0
  m_RenderingLayerMask: 1
  m_RendererPriority: 0
  m_Materials:
  - {fileID: 10754, guid: 0000000000000000f000000000000000, type: 0}
  m_StaticBatchInfo:
    firstSubMesh: 0
    subMeshCount: 0
  m_StaticBatchRoot: {fileID: 0}
  m_ProbeAnchor: {fileID: 0}
  m_LightProbeVolumeOverride: {fileID: 0}
  m_ScaleInLightmap: 1
  m_ReceiveGI: 1
  m_PreserveUVs: 0
  m_IgnoreNormalsForChartDetection: 0
  m_ImportantGI: 0
  m_StitchLightmapSeams: 1
  m_SelectedEditorRenderState: 0
  m_MinimumChartSize: 4
  m_AutoUVMaxDistance: 0.5
  m_AutoUVMaxAngle: 89
  m_LightmapParameters: {fileID: 0}
  m_SortingLayerID: 0
  m_SortingLayer: 0
  m_SortingOrder: 0
  m_Sprite: {fileID: 21300000, guid: 7896e73f3f9507d43a8c764c996a2dde, type: 3}
  m_Color: {r: 1, g: 1, b: 1, a: 1}
  m_FlipX: 0
  m_FlipY: 0
  m_DrawMode: 0
  m_Size: {x: 3.71, y: 3.91}
  m_AdaptiveModeThreshold: 0.5
  m_SpriteTileMode: 0
  m_WasSpriteAssigned: 1
  m_MaskInteraction: 0
  m_SpriteSortPoint: 0
--- !u!50 &2480083154671208295
Rigidbody2D:
  serializedVersion: 4
  m_ObjectHideFlags: 0
  m_CorrespondingSourceObject: {fileID: 0}
  m_PrefabInstance: {fileID: 0}
  m_PrefabAsset: {fileID: 0}
  m_GameObject: {fileID: 699258731508998354}
  m_BodyType: 0
  m_Simulated: 1
  m_UseFullKinematicContacts: 0
  m_UseAutoMass: 0
  m_Mass: 1
  m_LinearDrag: 0
  m_AngularDrag: 0.05
  m_GravityScale: 0
  m_Material: {fileID: 0}
  m_Interpolate: 0
  m_SleepingMode: 1
  m_CollisionDetection: 0
  m_Constraints: 7
--- !u!114 &7827735770539391141
MonoBehaviour:
  m_ObjectHideFlags: 0
  m_CorrespondingSourceObject: {fileID: 0}
  m_PrefabInstance: {fileID: 0}
  m_PrefabAsset: {fileID: 0}
  m_GameObject: {fileID: 699258731508998354}
  m_Enabled: 1
  m_EditorHideFlags: 0
  m_Script: {fileID: 11500000, guid: 88d336004f6e27c40b3234b0720eea4e, type: 3}
  m_Name: 
  m_EditorClassIdentifier: 
  idCup: 3026
--- !u!60 &5600836331071662758
PolygonCollider2D:
  m_ObjectHideFlags: 0
  m_CorrespondingSourceObject: {fileID: 0}
  m_PrefabInstance: {fileID: 0}
  m_PrefabAsset: {fileID: 0}
  m_GameObject: {fileID: 699258731508998354}
  m_Enabled: 1
  m_Density: 1
  m_Material: {fileID: 0}
  m_IsTrigger: 0
  m_UsedByEffector: 0
  m_UsedByComposite: 0
  m_Offset: {x: 0, y: 0}
  m_SpriteTilingProperty:
    border: {x: 0, y: 0, z: 0, w: 0}
    pivot: {x: 0.5, y: 0.5}
    oldSize: {x: 6.15, y: 5.53}
    newSize: {x: 3.71, y: 3.91}
    adaptiveTilingThreshold: 0.5
    drawMode: 0
    adaptiveTiling: 0
  m_AutoTiling: 0
  m_Points:
    m_Paths:
    - - {x: 2.935, y: -1.8349999}
      - {x: 2.905, y: -1.7249999}
      - {x: 2.825, y: -1.5649999}
      - {x: 2.985, y: -1.415}
      - {x: 3.0549998, y: -1.285}
      - {x: 3.075, y: -1.2149999}
      - {x: 3.075, y: -0.955}
      - {x: 3.0549998, y: -0.865}
      - {x: 3.0049999, y: -0.72499996}
      - {x: 2.915, y: -0.565}
      - {x: 2.675, y: -0.315}
      - {x: 2.455, y: -0.155}
      - {x: 2.5349998, y: -0.055}
      - {x: 2.5249999, y: 0.055}
      - {x: 2.495, y: 0.155}
      - {x: 2.345, y: 0.325}
      - {x: 2.225, y: 0.385}
      - {x: 2.145, y: 0.415}
      - {x: 2.085, y: 0.42499998}
      - {x: 2.0049999, y: 0.415}
      - {x: 1.935, y: 0.36499998}
      - {x: 1.8149999, y: 0.205}
      - {x: 1.745, y: 0.205}
      - {x: 1.685, y: 0.195}
      - {x: 1.605, y: 0.114999995}
      - {x: 1.5749999, y: 0.065}
      - {x: 1.5649999, y: -0.055}
      - {x: 1.5949999, y: -0.13499999}
      - {x: 1.515, y: -0.095}
      - {x: 1.355, y: 0.024999999}
      - {x: 1.255, y: 0.095}
      - {x: 1.045, y: 0.235}
      - {x: 1.035, y: 0.355}
      - {x: 1.055, y: 0.73499995}
      - {x: 1.0649999, y: 0.955}
      - {x: 1.0749999, y: 1.1949999}
      - {x: 1.0849999, y: 1.485}
      - {x: 1.0849999, y: 1.8549999}
      - {x: 1.8438601, y: 3.2559552}
      - {x: 1.0470223, y: 2.1509557}
      - {x: 0.88919246, y: 1.5640193}
      - {x: 0.0042191, y: 0.57644963}
      - {x: -0.5759846, y: -0.065027475}
      - {x: -0.5963868, y: -0.2575791}
      - {x: -0.4623158, y: -0.7224622}
      - {x: -0.30444813, y: -0.95668983}
      - {x: 0.005735278, y: -1.3548517}
      - {x: 0.36944866, y: -1.7338214}
      - {x: 0.62643206, y: -2.0169568}
      - {x: 0.3662409, y: -2.258389}
      - {x: 0.08605008, y: -2.409344}
      - {x: -0.20399761, y: -2.499964}
      - {x: -0.49495232, y: -2.5602975}
      - {x: -0.88213605, y: -2.60049}
      - {x: -1.5146658, y: -2.5702975}
      - {x: -2.0358114, y: -2.4495337}
      - {x: -2.3461454, y: -2.2885323}
      - {x: -2.596289, y: -1.996861}
      - {x: -2.7817705, y: -0.6166136}
      - {x: -2.8466713, y: 0.61103463}
      - {x: -2.9298975, y: 1.5041444}
      - {x: -3.0249999, y: 2.185}
      - {x: -3.6567845, y: 2.9315152}
      - {x: -3.075, y: 2.075}
      - {x: -3.075, y: 1.495}
      - {x: -3.0649998, y: 1.1949999}
      - {x: -3.0549998, y: 0.955}
      - {x: -3.0249999, y: 0.355}
      - {x: -3.0049999, y: 0.035}
      - {x: -2.975, y: -0.36499998}
      - {x: -2.945, y: -0.715}
      - {x: -2.915, y: -1.005}
      - {x: -2.895, y: -1.185}
      - {x: -2.875, y: -1.345}
      - {x: -2.7749999, y: -2.0449998}
      - {x: -2.685, y: -2.185}
      - {x: -2.635, y: -2.245}
      - {x: -2.5449998, y: -2.325}
      - {x: -2.365, y: -2.455}
      - {x: -2.175, y: -2.5449998}
      - {x: -1.995, y: -2.595}
      - {x: -1.8549999, y: -2.635}
      - {x: -1.615, y: -2.685}
      - {x: -1.405, y: -2.715}
      - {x: -1.305, y: -2.725}
      - {x: -1.125, y: -2.735}
      - {x: -0.875, y: -2.735}
      - {x: -0.695, y: -2.725}
      - {x: -0.325, y: -2.685}
      - {x: -0.13499999, y: -2.645}
      - {x: 0.175, y: -2.5349998}
      - {x: 0.36499998, y: -2.445}
      - {x: 0.445, y: -2.395}
      - {x: 0.635, y: -2.245}
      - {x: 0.755, y: -2.115}
      - {x: 0.835, y: -2.175}
      - {x: 1.2049999, y: -2.425}
      - {x: 1.425, y: -2.5449998}
      - {x: 1.615, y: -2.635}
      - {x: 1.8149999, y: -2.725}
      - {x: 2.0149999, y: -2.7649999}
      - {x: 2.195, y: -2.7649999}
      - {x: 2.335, y: -2.745}
      - {x: 2.455, y: -2.645}
      - {x: 2.895, y: -2.145}
      - {x: 2.945, y: -2.0249999}
    - - {x: 2.5349998, y: -1.105}
      - {x: 2.495, y: -1.0649999}
      - {x: 2.495, y: -1.055}
      - {x: 2.465, y: -1.025}
      - {x: 2.465, y: -1.015}
      - {x: 2.415, y: -0.965}
      - {x: 2.415, y: -0.955}
      - {x: 2.345, y: -0.885}
      - {x: 2.345, y: -0.875}
      - {x: 2.2649999, y: -0.79499996}
      - {x: 2.2649999, y: -0.78499997}
      - {x: 2.0349998, y: -0.555}
      - {x: 2.0449998, y: -0.53499997}
      - {x: 2.075, y: -0.53499997}
      - {x: 2.085, y: -0.545}
      - {x: 2.105, y: -0.53499997}
      - {x: 2.115, y: -0.545}
      - {x: 2.175, y: -0.545}
      - {x: 2.205, y: -0.525}
      - {x: 2.2549999, y: -0.515}
      - {x: 2.2649999, y: -0.525}
      - {x: 2.2949998, y: -0.525}
      - {x: 2.335, y: -0.545}
      - {x: 2.395, y: -0.555}
      - {x: 2.425, y: -0.575}
      - {x: 2.445, y: -0.575}
      - {x: 2.5349998, y: -0.625}
      - {x: 2.5549998, y: -0.645}
      - {x: 2.615, y: -0.675}
      - {x: 2.715, y: -0.775}
      - {x: 2.745, y: -0.825}
      - {x: 2.745, y: -0.905}
      - {x: 2.715, y: -0.955}
      - {x: 2.615, y: -1.0649999}
      - {x: 2.605, y: -1.0649999}
      - {x: 2.565, y: -1.095}
      - {x: 2.5349998, y: -1.115}
--- !u!1 &2222702530337715282
GameObject:
  m_ObjectHideFlags: 0
  m_CorrespondingSourceObject: {fileID: 0}
  m_PrefabInstance: {fileID: 0}
  m_PrefabAsset: {fileID: 0}
  serializedVersion: 6
  m_Component:
  - component: {fileID: 8920438940832226255}
  - component: {fileID: 2260748433683049381}
  - component: {fileID: 1874050771948754969}
  - component: {fileID: 6828561422016851139}
  m_Layer: 0
  m_Name: LimitDriveRight
  m_TagString: blurScale
  m_Icon: {fileID: 0}
  m_NavMeshLayer: 0
  m_StaticEditorFlags: 0
  m_IsActive: 1
--- !u!4 &8920438940832226255
Transform:
  m_ObjectHideFlags: 0
  m_CorrespondingSourceObject: {fileID: 0}
  m_PrefabInstance: {fileID: 0}
  m_PrefabAsset: {fileID: 0}
  m_GameObject: {fileID: 2222702530337715282}
  m_LocalRotation: {x: 0, y: 1, z: 0, w: 0}
  m_LocalPosition: {x: 2.63, y: -4.88, z: 0}
  m_LocalScale: {x: 1, y: 1, z: 1}
  m_ConstrainProportionsScale: 0
  m_Children: []
  m_Father: {fileID: 2413715734013672280}
  m_RootOrder: 1
  m_LocalEulerAnglesHint: {x: 0, y: 180, z: 0}
--- !u!212 &2260748433683049381
SpriteRenderer:
  m_ObjectHideFlags: 0
  m_CorrespondingSourceObject: {fileID: 0}
  m_PrefabInstance: {fileID: 0}
  m_PrefabAsset: {fileID: 0}
  m_GameObject: {fileID: 2222702530337715282}
  m_Enabled: 1
  m_CastShadows: 0
  m_ReceiveShadows: 0
  m_DynamicOccludee: 1
  m_StaticShadowCaster: 0
  m_MotionVectors: 1
  m_LightProbeUsage: 1
  m_ReflectionProbeUsage: 1
  m_RayTracingMode: 0
  m_RayTraceProcedural: 0
  m_RenderingLayerMask: 1
  m_RendererPriority: 0
  m_Materials:
  - {fileID: 10754, guid: 0000000000000000f000000000000000, type: 0}
  m_StaticBatchInfo:
    firstSubMesh: 0
    subMeshCount: 0
  m_StaticBatchRoot: {fileID: 0}
  m_ProbeAnchor: {fileID: 0}
  m_LightProbeVolumeOverride: {fileID: 0}
  m_ScaleInLightmap: 1
  m_ReceiveGI: 1
  m_PreserveUVs: 0
  m_IgnoreNormalsForChartDetection: 0
  m_ImportantGI: 0
  m_StitchLightmapSeams: 1
  m_SelectedEditorRenderState: 0
  m_MinimumChartSize: 4
  m_AutoUVMaxDistance: 0.5
  m_AutoUVMaxAngle: 89
  m_LightmapParameters: {fileID: 0}
  m_SortingLayerID: 0
  m_SortingLayer: 0
  m_SortingOrder: 2
  m_Sprite: {fileID: 21300000, guid: 542efe4a4a1ad164c943309ab07406a7, type: 3}
  m_Color: {r: 1, g: 1, b: 1, a: 1}
  m_FlipX: 0
  m_FlipY: 0
  m_DrawMode: 0
  m_Size: {x: 3.85, y: 2.57}
  m_AdaptiveModeThreshold: 0.5
  m_SpriteTileMode: 0
  m_WasSpriteAssigned: 1
  m_MaskInteraction: 0
  m_SpriteSortPoint: 0
--- !u!50 &1874050771948754969
Rigidbody2D:
  serializedVersion: 4
  m_ObjectHideFlags: 0
  m_CorrespondingSourceObject: {fileID: 0}
  m_PrefabInstance: {fileID: 0}
  m_PrefabAsset: {fileID: 0}
  m_GameObject: {fileID: 2222702530337715282}
  m_BodyType: 0
  m_Simulated: 1
  m_UseFullKinematicContacts: 0
  m_UseAutoMass: 0
  m_Mass: 1
  m_LinearDrag: 0
  m_AngularDrag: 0.05
  m_GravityScale: 0
  m_Material: {fileID: 0}
  m_Interpolate: 0
  m_SleepingMode: 1
  m_CollisionDetection: 0
  m_Constraints: 7
--- !u!60 &6828561422016851139
PolygonCollider2D:
  m_ObjectHideFlags: 0
  m_CorrespondingSourceObject: {fileID: 0}
  m_PrefabInstance: {fileID: 0}
  m_PrefabAsset: {fileID: 0}
  m_GameObject: {fileID: 2222702530337715282}
  m_Enabled: 1
  m_Density: 1
  m_Material: {fileID: 0}
  m_IsTrigger: 0
  m_UsedByEffector: 0
  m_UsedByComposite: 0
  m_Offset: {x: 0, y: 0}
  m_SpriteTilingProperty:
    border: {x: 0, y: 0, z: 0, w: 0}
    pivot: {x: 0.5, y: 0.5}
    oldSize: {x: 3.97, y: 2.9}
    newSize: {x: 3.85, y: 2.57}
    adaptiveTilingThreshold: 0.5
    drawMode: 0
    adaptiveTiling: 0
  m_AutoTiling: 0
  m_Points:
    m_Paths:
    - - {x: 1.9549999, y: -1.06}
      - {x: 1.9649999, y: -0.97999996}
      - {x: 1.985, y: -0.93}
      - {x: 1.985, y: -0.84}
      - {x: 1.915, y: -0.78}
      - {x: 1.755, y: -0.69}
      - {x: 1.635, y: -0.62}
      - {x: 1.305, y: -0.42999998}
      - {x: 1.135, y: -0.34}
      - {x: 1.0649999, y: -0.29}
      - {x: 0.875, y: -0.17999999}
      - {x: 0.78499997, y: -0.13}
      - {x: 0.615, y: -0.03}
      - {x: 0.405, y: 0.089999996}
      - {x: 0.16499999, y: 0.22999999}
      - {x: -0.005, y: 0.32999998}
      - {x: -0.145, y: 0.41}
      - {x: -0.235, y: 0.45999998}
      - {x: -0.615, y: 0.68}
      - {x: -0.78499997, y: 0.77}
      - {x: -0.85499996, y: 0.82}
      - {x: -1.045, y: 0.93}
      - {x: -1.375, y: 1.12}
      - {x: -1.545, y: 1.22}
      - {x: -1.7049999, y: 1.31}
      - {x: -1.875, y: 1.41}
      - {x: -1.9749999, y: 1.4499999}
      - {x: -1.985, y: 1.4499999}
      - {x: -1.985, y: 0.69}
      - {x: -1.7049999, y: 0.53}
      - {x: -1.415, y: 0.35999998}
      - {x: -1.3249999, y: 0.31}
      - {x: -1.155, y: 0.21}
      - {x: -1.0849999, y: 0.17}
      - {x: -0.775, y: -0.01}
      - {x: -0.685, y: -0.06}
      - {x: -0.39499998, y: -0.22999999}
      - {x: -0.065, y: -0.42}
      - {x: 0.21499999, y: -0.58}
      - {x: 0.385, y: -0.66999996}
      - {x: 0.45499998, y: -0.71999997}
      - {x: 0.645, y: -0.83}
      - {x: 0.73499995, y: -0.88}
      - {x: 1.025, y: -1.05}
      - {x: 1.285, y: -1.1999999}
      - {x: 1.615, y: -1.39}
      - {x: 1.7249999, y: -1.4499999}
      - {x: 1.8249999, y: -1.4499999}
      - {x: 1.8449999, y: -1.4399999}
      - {x: 1.985, y: -1.1899999}
      - {x: 1.985, y: -1.1}
--- !u!1 &3607633365761597620
GameObject:
  m_ObjectHideFlags: 0
  m_CorrespondingSourceObject: {fileID: 0}
  m_PrefabInstance: {fileID: 0}
  m_PrefabAsset: {fileID: 0}
  serializedVersion: 6
  m_Component:
  - component: {fileID: 845696268777998520}
  - component: {fileID: 3304590208382522054}
  - component: {fileID: 6138124198042131066}
  - component: {fileID: 1481134834318550525}
  - component: {fileID: 8283506289481723195}
  m_Layer: 0
  m_Name: LimitBlur
  m_TagString: blurScale
  m_Icon: {fileID: 0}
  m_NavMeshLayer: 0
  m_StaticEditorFlags: 0
  m_IsActive: 0
--- !u!4 &845696268777998520
Transform:
  m_ObjectHideFlags: 0
  m_CorrespondingSourceObject: {fileID: 0}
  m_PrefabInstance: {fileID: 0}
  m_PrefabAsset: {fileID: 0}
  m_GameObject: {fileID: 3607633365761597620}
  m_LocalRotation: {x: 0, y: 0, z: 0, w: 1}
  m_LocalPosition: {x: 0, y: -3.26, z: 0}
  m_LocalScale: {x: 1, y: 0.1195, z: 1}
  m_ConstrainProportionsScale: 0
  m_Children: []
  m_Father: {fileID: 2413715734013672280}
  m_RootOrder: 2
  m_LocalEulerAnglesHint: {x: 0, y: 0, z: 0}
--- !u!212 &3304590208382522054
SpriteRenderer:
  m_ObjectHideFlags: 0
  m_CorrespondingSourceObject: {fileID: 0}
  m_PrefabInstance: {fileID: 0}
  m_PrefabAsset: {fileID: 0}
  m_GameObject: {fileID: 3607633365761597620}
  m_Enabled: 1
  m_CastShadows: 0
  m_ReceiveShadows: 0
  m_DynamicOccludee: 1
  m_StaticShadowCaster: 0
  m_MotionVectors: 1
  m_LightProbeUsage: 1
  m_ReflectionProbeUsage: 1
  m_RayTracingMode: 0
  m_RayTraceProcedural: 0
  m_RenderingLayerMask: 1
  m_RendererPriority: 0
  m_Materials:
  - {fileID: 10754, guid: 0000000000000000f000000000000000, type: 0}
  m_StaticBatchInfo:
    firstSubMesh: 0
    subMeshCount: 0
  m_StaticBatchRoot: {fileID: 0}
  m_ProbeAnchor: {fileID: 0}
  m_LightProbeVolumeOverride: {fileID: 0}
  m_ScaleInLightmap: 1
  m_ReceiveGI: 1
  m_PreserveUVs: 0
  m_IgnoreNormalsForChartDetection: 0
  m_ImportantGI: 0
  m_StitchLightmapSeams: 1
  m_SelectedEditorRenderState: 0
  m_MinimumChartSize: 4
  m_AutoUVMaxDistance: 0.5
  m_AutoUVMaxAngle: 89
  m_LightmapParameters: {fileID: 0}
  m_SortingLayerID: 0
  m_SortingLayer: 0
  m_SortingOrder: 0
  m_Sprite: {fileID: 21300000, guid: b5c796667e1d6fd43a2f939483155d0d, type: 3}
  m_Color: {r: 1, g: 1, b: 1, a: 1}
  m_FlipX: 0
  m_FlipY: 0
  m_DrawMode: 0
  m_Size: {x: 15.89, y: 2.12}
  m_AdaptiveModeThreshold: 0.5
  m_SpriteTileMode: 0
  m_WasSpriteAssigned: 1
  m_MaskInteraction: 0
  m_SpriteSortPoint: 0
--- !u!50 &6138124198042131066
Rigidbody2D:
  serializedVersion: 4
  m_ObjectHideFlags: 0
  m_CorrespondingSourceObject: {fileID: 0}
  m_PrefabInstance: {fileID: 0}
  m_PrefabAsset: {fileID: 0}
  m_GameObject: {fileID: 3607633365761597620}
  m_BodyType: 0
  m_Simulated: 1
  m_UseFullKinematicContacts: 0
  m_UseAutoMass: 0
  m_Mass: 1
  m_LinearDrag: 0
  m_AngularDrag: 0.05
  m_GravityScale: 0
  m_Material: {fileID: 0}
  m_Interpolate: 0
  m_SleepingMode: 1
  m_CollisionDetection: 0
  m_Constraints: 0
--- !u!61 &1481134834318550525
BoxCollider2D:
  m_ObjectHideFlags: 0
  m_CorrespondingSourceObject: {fileID: 0}
  m_PrefabInstance: {fileID: 0}
  m_PrefabAsset: {fileID: 0}
  m_GameObject: {fileID: 3607633365761597620}
  m_Enabled: 1
  m_Density: 1
  m_Material: {fileID: 0}
  m_IsTrigger: 1
  m_UsedByEffector: 0
  m_UsedByComposite: 0
  m_Offset: {x: 0, y: 0}
  m_SpriteTilingProperty:
    border: {x: 0, y: 0, z: 0, w: 0}
    pivot: {x: 0.5, y: 0.5}
    oldSize: {x: 14.73, y: 2.11}
    newSize: {x: 15.89, y: 2.12}
    adaptiveTilingThreshold: 0.5
    drawMode: 0
    adaptiveTiling: 0
  m_AutoTiling: 0
  serializedVersion: 2
  m_Size: {x: 15.89, y: 2.12}
  m_EdgeRadius: 0
--- !u!114 &8283506289481723195
MonoBehaviour:
  m_ObjectHideFlags: 0
  m_CorrespondingSourceObject: {fileID: 0}
  m_PrefabInstance: {fileID: 0}
  m_PrefabAsset: {fileID: 0}
  m_GameObject: {fileID: 3607633365761597620}
  m_Enabled: 1
  m_EditorHideFlags: 0
  m_Script: {fileID: 11500000, guid: fa2e2024350558a44a2ae119d61edfbc, type: 3}
  m_Name: 
  m_EditorClassIdentifier: 
  image: {fileID: 3304590208382522054}
--- !u!1 &6202771452081200038
GameObject:
  m_ObjectHideFlags: 0
  m_CorrespondingSourceObject: {fileID: 0}
  m_PrefabInstance: {fileID: 0}
  m_PrefabAsset: {fileID: 0}
  serializedVersion: 6
  m_Component:
  - component: {fileID: 8714808804224622866}
  - component: {fileID: 5114029777327537006}
  - component: {fileID: 8419656328412057324}
  - component: {fileID: 4393178904057860720}
  m_Layer: 0
  m_Name: LimitDriveLeft
  m_TagString: blurScale
  m_Icon: {fileID: 0}
  m_NavMeshLayer: 0
  m_StaticEditorFlags: 0
  m_IsActive: 1
--- !u!4 &8714808804224622866
Transform:
  m_ObjectHideFlags: 0
  m_CorrespondingSourceObject: {fileID: 0}
  m_PrefabInstance: {fileID: 0}
  m_PrefabAsset: {fileID: 0}
  m_GameObject: {fileID: 6202771452081200038}
  m_LocalRotation: {x: 0, y: 0, z: 0, w: 1}
  m_LocalPosition: {x: -4.85, y: -4.84, z: 0}
  m_LocalScale: {x: 1, y: 1, z: 1}
  m_ConstrainProportionsScale: 0
  m_Children: []
  m_Father: {fileID: 2413715734013672280}
  m_RootOrder: 0
  m_LocalEulerAnglesHint: {x: 0, y: 0, z: 0}
--- !u!212 &5114029777327537006
SpriteRenderer:
  m_ObjectHideFlags: 0
  m_CorrespondingSourceObject: {fileID: 0}
  m_PrefabInstance: {fileID: 0}
  m_PrefabAsset: {fileID: 0}
  m_GameObject: {fileID: 6202771452081200038}
  m_Enabled: 1
  m_CastShadows: 0
  m_ReceiveShadows: 0
  m_DynamicOccludee: 1
  m_StaticShadowCaster: 0
  m_MotionVectors: 1
  m_LightProbeUsage: 1
  m_ReflectionProbeUsage: 1
  m_RayTracingMode: 0
  m_RayTraceProcedural: 0
  m_RenderingLayerMask: 1
  m_RendererPriority: 0
  m_Materials:
  - {fileID: 10754, guid: 0000000000000000f000000000000000, type: 0}
  m_StaticBatchInfo:
    firstSubMesh: 0
    subMeshCount: 0
  m_StaticBatchRoot: {fileID: 0}
  m_ProbeAnchor: {fileID: 0}
  m_LightProbeVolumeOverride: {fileID: 0}
  m_ScaleInLightmap: 1
  m_ReceiveGI: 1
  m_PreserveUVs: 0
  m_IgnoreNormalsForChartDetection: 0
  m_ImportantGI: 0
  m_StitchLightmapSeams: 1
  m_SelectedEditorRenderState: 0
  m_MinimumChartSize: 4
  m_AutoUVMaxDistance: 0.5
  m_AutoUVMaxAngle: 89
  m_LightmapParameters: {fileID: 0}
  m_SortingLayerID: 0
  m_SortingLayer: 0
  m_SortingOrder: 2
  m_Sprite: {fileID: 21300000, guid: 542efe4a4a1ad164c943309ab07406a7, type: 3}
  m_Color: {r: 1, g: 1, b: 1, a: 1}
  m_FlipX: 0
  m_FlipY: 0
  m_DrawMode: 0
  m_Size: {x: 3.85, y: 2.57}
  m_AdaptiveModeThreshold: 0.5
  m_SpriteTileMode: 0
  m_WasSpriteAssigned: 1
  m_MaskInteraction: 0
  m_SpriteSortPoint: 0
--- !u!50 &8419656328412057324
Rigidbody2D:
  serializedVersion: 4
  m_ObjectHideFlags: 0
  m_CorrespondingSourceObject: {fileID: 0}
  m_PrefabInstance: {fileID: 0}
  m_PrefabAsset: {fileID: 0}
  m_GameObject: {fileID: 6202771452081200038}
  m_BodyType: 0
  m_Simulated: 1
  m_UseFullKinematicContacts: 0
  m_UseAutoMass: 0
  m_Mass: 1
  m_LinearDrag: 0
  m_AngularDrag: 0.05
  m_GravityScale: 0
  m_Material: {fileID: 0}
  m_Interpolate: 0
  m_SleepingMode: 1
  m_CollisionDetection: 0
  m_Constraints: 7
--- !u!60 &4393178904057860720
PolygonCollider2D:
  m_ObjectHideFlags: 0
  m_CorrespondingSourceObject: {fileID: 0}
  m_PrefabInstance: {fileID: 0}
  m_PrefabAsset: {fileID: 0}
  m_GameObject: {fileID: 6202771452081200038}
  m_Enabled: 1
  m_Density: 1
  m_Material: {fileID: 0}
  m_IsTrigger: 0
  m_UsedByEffector: 0
  m_UsedByComposite: 0
  m_Offset: {x: 0, y: 0}
  m_SpriteTilingProperty:
    border: {x: 0, y: 0, z: 0, w: 0}
    pivot: {x: 0.5, y: 0.5}
    oldSize: {x: 3.97, y: 2.9}
    newSize: {x: 3.85, y: 2.57}
    adaptiveTilingThreshold: 0.5
    drawMode: 0
    adaptiveTiling: 0
  m_AutoTiling: 0
  m_Points:
    m_Paths:
    - - {x: 1.9549999, y: -1.06}
      - {x: 1.9649999, y: -0.97999996}
      - {x: 1.985, y: -0.93}
      - {x: 1.985, y: -0.84}
      - {x: 1.915, y: -0.78}
      - {x: 1.755, y: -0.69}
      - {x: 1.635, y: -0.62}
      - {x: 1.305, y: -0.42999998}
      - {x: 1.135, y: -0.34}
      - {x: 1.0649999, y: -0.29}
      - {x: 0.875, y: -0.17999999}
      - {x: 0.78499997, y: -0.13}
      - {x: 0.615, y: -0.03}
      - {x: 0.405, y: 0.089999996}
      - {x: 0.16499999, y: 0.22999999}
      - {x: -0.005, y: 0.32999998}
      - {x: -0.145, y: 0.41}
      - {x: -0.235, y: 0.45999998}
      - {x: -0.615, y: 0.68}
      - {x: -0.78499997, y: 0.77}
      - {x: -0.85499996, y: 0.82}
      - {x: -1.045, y: 0.93}
      - {x: -1.375, y: 1.12}
      - {x: -1.545, y: 1.22}
      - {x: -1.7049999, y: 1.31}
      - {x: -1.875, y: 1.41}
      - {x: -1.9749999, y: 1.4499999}
      - {x: -1.985, y: 1.4499999}
      - {x: -1.985, y: 0.69}
      - {x: -1.7049999, y: 0.53}
      - {x: -1.415, y: 0.35999998}
      - {x: -1.3249999, y: 0.31}
      - {x: -1.155, y: 0.21}
      - {x: -1.0849999, y: 0.17}
      - {x: -0.775, y: -0.01}
      - {x: -0.685, y: -0.06}
      - {x: -0.39499998, y: -0.22999999}
      - {x: -0.065, y: -0.42}
      - {x: 0.21499999, y: -0.58}
      - {x: 0.385, y: -0.66999996}
      - {x: 0.45499998, y: -0.71999997}
      - {x: 0.645, y: -0.83}
      - {x: 0.73499995, y: -0.88}
      - {x: 1.025, y: -1.05}
      - {x: 1.285, y: -1.1999999}
      - {x: 1.615, y: -1.39}
      - {x: 1.7249999, y: -1.4499999}
      - {x: 1.8249999, y: -1.4499999}
      - {x: 1.8449999, y: -1.4399999}
      - {x: 1.985, y: -1.1899999}
      - {x: 1.985, y: -1.1}
--- !u!1 &8852908709240746754
GameObject:
  m_ObjectHideFlags: 0
  m_CorrespondingSourceObject: {fileID: 0}
  m_PrefabInstance: {fileID: 0}
  m_PrefabAsset: {fileID: 0}
  serializedVersion: 6
  m_Component:
  - component: {fileID: 2413715734013672280}
  m_Layer: 0
  m_Name: LimitDrive
  m_TagString: Untagged
  m_Icon: {fileID: 0}
  m_NavMeshLayer: 0
  m_StaticEditorFlags: 0
  m_IsActive: 1
--- !u!4 &2413715734013672280
Transform:
  m_ObjectHideFlags: 0
  m_CorrespondingSourceObject: {fileID: 0}
  m_PrefabInstance: {fileID: 0}
  m_PrefabAsset: {fileID: 0}
  m_GameObject: {fileID: 8852908709240746754}
  m_LocalRotation: {x: -0, y: -0, z: -0, w: 1}
  m_LocalPosition: {x: 0.1625, y: 10.175, z: 0}
  m_LocalScale: {x: 1, y: 1.25, z: 1.25}
  m_ConstrainProportionsScale: 0
  m_Children:
  - {fileID: 8714808804224622866}
  - {fileID: 8920438940832226255}
  - {fileID: 845696268777998520}
  m_Father: {fileID: 320972171839620464}
  m_RootOrder: 0
  m_LocalEulerAnglesHint: {x: 0, y: 0, z: 0}
