%YAML 1.1
%TAG !u! tag:unity3d.com,2011:
--- !u!1 &1960833440703750701
GameObject:
  m_ObjectHideFlags: 0
  m_CorrespondingSourceObject: {fileID: 0}
  m_PrefabInstance: {fileID: 0}
  m_PrefabAsset: {fileID: 0}
  serializedVersion: 6
  m_Component:
  - component: {fileID: 1960833440703750703}
  - component: {fileID: 1960833440703750700}
  - component: {fileID: 3629542450855326622}
  m_Layer: 0
  m_Name: AdsManager
  m_TagString: Untagged
  m_Icon: {fileID: 0}
  m_NavMeshLayer: 0
  m_StaticEditorFlags: 0
  m_IsActive: 1
--- !u!4 &1960833440703750703
Transform:
  m_ObjectHideFlags: 0
  m_CorrespondingSourceObject: {fileID: 0}
  m_PrefabInstance: {fileID: 0}
  m_PrefabAsset: {fileID: 0}
  m_GameObject: {fileID: 1960833440703750701}
  m_LocalRotation: {x: 0, y: 0, z: 0, w: 1}
  m_LocalPosition: {x: 0, y: 0, z: 0}
  m_LocalScale: {x: 1, y: 1, z: 1}
  m_ConstrainProportionsScale: 0
  m_Children:
  - {fileID: 2107428690246578646}
  m_Father: {fileID: 0}
  m_RootOrder: 0
  m_LocalEulerAnglesHint: {x: 0, y: 0, z: 0}
--- !u!114 &1960833440703750700
MonoBehaviour:
  m_ObjectHideFlags: 0
  m_CorrespondingSourceObject: {fileID: 0}
  m_PrefabInstance: {fileID: 0}
  m_PrefabAsset: {fileID: 0}
  m_GameObject: {fileID: 1960833440703750701}
  m_Enabled: 1
  m_EditorHideFlags: 0
  m_Script: {fileID: 11500000, guid: ccb5cb8f239455f42966d621af11108c, type: 3}
  m_Name: 
  m_EditorClassIdentifier: 
  TypeReward: 
  isShowFail: 0
  openRwdAds: 0
  closeRwdAds: 0
  RwdAds: 0
  tf_LoadingAds: {fileID: 2107428690246578646}
  m_InterTime: 0
  m_InterTimeMax: 0
  m_MaxInit: 0
  adUnitId: zq2X1FfdfeIMOsmepidyMNbeqvHKzJyNwy6EI2lT_14Ns_yAy-XVUTSsThDAZ5-AqDJ2OU0CLSeP7euEiV4wor
  m_BannerId: 42e413aa2cbbc13a
  m_InterId: 00d97d8ed96b9e8c
  m_RewardId: f8c85d568e2f29b6
  m_MrecId: 29851a51027ea5b0
  rewardId: 0
  collectionType: 0
  itemRewardManager: {fileID: 0}
  unifiedNativeAdLoaded: 0
--- !u!114 &3629542450855326622
MonoBehaviour:
  m_ObjectHideFlags: 0
  m_CorrespondingSourceObject: {fileID: 0}
  m_PrefabInstance: {fileID: 0}
  m_PrefabAsset: {fileID: 0}
  m_GameObject: {fileID: 1960833440703750701}
  m_Enabled: 1
  m_EditorHideFlags: 0
  m_Script: {fileID: 11500000, guid: c6dc6bc8e4bb2834e80531c648886d13, type: 3}
  m_Name: 
  m_EditorClassIdentifier: 
--- !u!1001 &1960833440609161774
PrefabInstance:
  m_ObjectHideFlags: 0
  serializedVersion: 2
  m_Modification:
    m_TransformParent: {fileID: 1960833440703750703}
    m_Modifications:
    - target: {fileID: 265500412359466641, guid: 33484b96fbbe06149b1b33b995dc32ee, type: 3}
      propertyPath: m_Name
      value: Loading
      objectReference: {fileID: 0}
    - target: {fileID: 434967463330472952, guid: 33484b96fbbe06149b1b33b995dc32ee, type: 3}
      propertyPath: m_Pivot.x
      value: 0
      objectReference: {fileID: 0}
    - target: {fileID: 434967463330472952, guid: 33484b96fbbe06149b1b33b995dc32ee, type: 3}
      propertyPath: m_Pivot.y
      value: 0
      objectReference: {fileID: 0}
    - target: {fileID: 434967463330472952, guid: 33484b96fbbe06149b1b33b995dc32ee, type: 3}
      propertyPath: m_RootOrder
      value: 0
      objectReference: {fileID: 0}
    - target: {fileID: 434967463330472952, guid: 33484b96fbbe06149b1b33b995dc32ee, type: 3}
      propertyPath: m_AnchorMax.x
      value: 0
      objectReference: {fileID: 0}
    - target: {fileID: 434967463330472952, guid: 33484b96fbbe06149b1b33b995dc32ee, type: 3}
      propertyPath: m_AnchorMax.y
      value: 0
      objectReference: {fileID: 0}
    - target: {fileID: 434967463330472952, guid: 33484b96fbbe06149b1b33b995dc32ee, type: 3}
      propertyPath: m_AnchorMin.x
      value: 0
      objectReference: {fileID: 0}
    - target: {fileID: 434967463330472952, guid: 33484b96fbbe06149b1b33b995dc32ee, type: 3}
      propertyPath: m_AnchorMin.y
      value: 0
      objectReference: {fileID: 0}
    - target: {fileID: 434967463330472952, guid: 33484b96fbbe06149b1b33b995dc32ee, type: 3}
      propertyPath: m_SizeDelta.x
      value: 0
      objectReference: {fileID: 0}
    - target: {fileID: 434967463330472952, guid: 33484b96fbbe06149b1b33b995dc32ee, type: 3}
      propertyPath: m_SizeDelta.y
      value: 0
      objectReference: {fileID: 0}
    - target: {fileID: 434967463330472952, guid: 33484b96fbbe06149b1b33b995dc32ee, type: 3}
      propertyPath: m_LocalPosition.x
      value: 0
      objectReference: {fileID: 0}
    - target: {fileID: 434967463330472952, guid: 33484b96fbbe06149b1b33b995dc32ee, type: 3}
      propertyPath: m_LocalPosition.y
      value: 0
      objectReference: {fileID: 0}
    - target: {fileID: 434967463330472952, guid: 33484b96fbbe06149b1b33b995dc32ee, type: 3}
      propertyPath: m_LocalPosition.z
      value: 0
      objectReference: {fileID: 0}
    - target: {fileID: 434967463330472952, guid: 33484b96fbbe06149b1b33b995dc32ee, type: 3}
      propertyPath: m_LocalRotation.w
      value: 1
      objectReference: {fileID: 0}
    - target: {fileID: 434967463330472952, guid: 33484b96fbbe06149b1b33b995dc32ee, type: 3}
      propertyPath: m_LocalRotation.x
      value: 0
      objectReference: {fileID: 0}
    - target: {fileID: 434967463330472952, guid: 33484b96fbbe06149b1b33b995dc32ee, type: 3}
      propertyPath: m_LocalRotation.y
      value: 0
      objectReference: {fileID: 0}
    - target: {fileID: 434967463330472952, guid: 33484b96fbbe06149b1b33b995dc32ee, type: 3}
      propertyPath: m_LocalRotation.z
      value: 0
      objectReference: {fileID: 0}
    - target: {fileID: 434967463330472952, guid: 33484b96fbbe06149b1b33b995dc32ee, type: 3}
      propertyPath: m_AnchoredPosition.x
      value: 0
      objectReference: {fileID: 0}
    - target: {fileID: 434967463330472952, guid: 33484b96fbbe06149b1b33b995dc32ee, type: 3}
      propertyPath: m_AnchoredPosition.y
      value: 0
      objectReference: {fileID: 0}
    - target: {fileID: 434967463330472952, guid: 33484b96fbbe06149b1b33b995dc32ee, type: 3}
      propertyPath: m_LocalEulerAnglesHint.x
      value: 0
      objectReference: {fileID: 0}
    - target: {fileID: 434967463330472952, guid: 33484b96fbbe06149b1b33b995dc32ee, type: 3}
      propertyPath: m_LocalEulerAnglesHint.y
      value: 0
      objectReference: {fileID: 0}
    - target: {fileID: 434967463330472952, guid: 33484b96fbbe06149b1b33b995dc32ee, type: 3}
      propertyPath: m_LocalEulerAnglesHint.z
      value: 0
      objectReference: {fileID: 0}
    m_RemovedComponents: []
  m_SourcePrefab: {fileID: 100100000, guid: 33484b96fbbe06149b1b33b995dc32ee, type: 3}
--- !u!224 &2107428690246578646 stripped
RectTransform:
  m_CorrespondingSourceObject: {fileID: 434967463330472952, guid: 33484b96fbbe06149b1b33b995dc32ee, type: 3}
  m_PrefabInstance: {fileID: 1960833440609161774}
  m_PrefabAsset: {fileID: 0}
